3344 5194
326 417 367 490 28

410 596 528 676 Itaque
558 594 597 660 de
626 589 787 677 prooemio
815 587 936 676 Pythio
966 588 1073 658 dicere
1101 586 1180 658 licet
1209 591 1335 660 scatere
1364 583 1398 656 id
1426 583 1514 654 1111·

326 697 506 764 tationibus
529 696 849 780 repetitionibusque.
886 696 977 780 Quae
996 714 1189 776 quamquam
1204 713 1356 776 magnam
1371 698 1500 775 partem

327 821 367 868 ex
389 801 496 866 indole
512 800 684 866 Homerica
699 804 782 882 sunt,
804 799 896 866 velut
911 801 996 879 quod
1010 798 1232 880 interrogatus
1247 795 1499 878 interrogatoris

326 904 429 970 verba
450 903 584 985 repetit,
613 907 723 967 tamen
744 903 935 966 monendum
958 905 1020 982 cst,
1049 899 1176 964 Deliaci
1198 897 1311 982 hymni
1333 903 1499 963 auctorem

325 1007 388 1070 hac
410 1005 444 1070 iu
466 1023 502 1070 11
525 1005 566 1070 ab
582 1005 722 1070 Homero
746 1003 931 1084 dissentire3
954 1021 1028 1066 nam
1050 1002 1085 1066 iu
1106 1000 1255 1069 versibus
1273 1002 1397 1066 1-178
1417 1001 1499 1064 duas

326 1113 455 1174 tanturn
495 1107 707 1189 repetitiones
748 1105 872 1189 inveni,
914 1107 1047 1170 12-13
1074 1135 1115 1158 =
1144 1106 1276 1170 rus-6
1314 1108 1348 1168 et
1384 1104 1498 1168 22-3

327 1241 369 1265 =
392 1212 526 1294 144-5,
548 1212 588 1275 de
612 1209 728 1289 quibus
750 1209 906 1274 ambabus
928 1207 993 1272 iam
1016 1226 1115 1292 supra
1136 1208 1239 1274 verba
1260 1205 1332 1272 ieci.

412 1313 534 1378 Versus
570 1313 766 1394 208-213,
802 1309 858 1391 qui
894 1311 1024 1391 penitus
1057 1309 1201 1391 corrupti
1234 1327 1304 1374 esse
1337 1307 1499 1390 videntur,

328 1419 456 1481 constat
486 1414 585 1480 etiam
614 1431 744 1478 mancos
773 1402 852 1478 essa
895 1412 966 1495 Ego
995 1411 1103 1478 nescio
1134 1431 1177 1478 an
1205 1411 1258 1477 hic
1280 1411 1498 1494 fragmentum

327 1519 510 1604 habeamus
536 1515 630 1582 tertii
657 1514 812 1597 prooemii
841 1515 875 1579 in
905 1515 1088 1596 Apollinem
1114 1519 1292 1583 amatorem
1323 1511 1500 1594 compositi.
1568 1506 1573 1514 '

327 1621 411 1686 Nam
433 1620 575 1684 eiusdem
598 1623 648 1684 est
665 1617 795 1702 generis
811 1622 909 1698 atque
924 1617 1005 1682 illud
1021 1619 1060 1682 de
1075 1617 1169 1684 Delio
1189 1616 1399 1682 arcitenente.
1436 1615 1500 1680 Sed

328 1741 522 1814 quamquam
543 1720 650 1786 manci
672 1726 756 1804 sunt,
778 1727 889 1786 tamen
910 1719 998 1786 inter
1019 1721 1081 1786 207
1104 1729 1177 1794 πῶς
1199 1717 1228 1784 τ’
1251 1716 1293 1804 ἄρ
1318 1716 1346 1784 σ’
1361 1715 1499 1803 dpm'om

328 1830 400 1904 κτλ,
422 1829 455 1890 et
477 1826 540 1889 214
562 1821 585 1910 ἢ
606 1820 714 1900 ,051τό
736 1832 874 1907 πρῶτον
896 1827 966 1888 κτλ.
990 1823 1101 1888 eodem
1122 1824 1214 1888 modo
1229 1820 1415 1902 interpositi
1430 1819 1500 1886 esse

328 1927 493 2010 videntur,
523 1931 622 2006 atque
650 1925 701 1991 illi
723 1925 810 1990 Delii
838 1923 992 2006 prooemii
1022 1943 1135 1992 versus
1157 1925 1282 1989 20-24
1304 1922 1415 2008 πάντη
1437 1921 1501 2008 γάρ

327 2053 382 2099 τοι
405 2033 508 2110 Φοῖβε
530 2025 820 2112 111111πῶςτ’ἄρ
842 2026 870 2093 o’
885 2025 1023 2114 ὑμνήσω
1044 2026 1113 2114 (19)
1136 2033 1170 2092 et
1192 2023 1214 2113 ἢ
1235 2020 1282 2101 ὥς
1306 2045 1340 2093 σε
1362 2035 1501 2112 πρῶτον

329 2130 430 2216 Λητώ
461 2137 531 2197 κτλ.
586 2131 657 2197 Iam
686 2149 785 2212 supra
811 2129 898 2216 (pag.
915 2129 969 2216 11)
996 2132 1036 2194 de
1057 2131 1120 2196 hac
1146 2129 1376 2212 duplicatione,
1405 2147 1502 2208 quam
1544 2140 1548 2148 ’

329 2233 529 2318 vocavimus
570 2230 786 2299 disseruimus.
843 2234 1023 2297 Praeterea
1060 2231 1164 2298 oratio
1201 2233 1315 2298 horum
1351 2249 1502 2298 versuum

329 2336 434 2402 minus
456 2336 698 2418 1111111111111,
721 2335 748 2399 si
770 2334 863 2400 uobis
884 2334 1059 2400 frustulum
1081 2333 1254 2414 tantillum
1270 2335 1309 2398 ad
1324 2332 1502 2399 orationem

330 2438 461 2526 exigere
489 2438 575 2504 licet.
625 2439 733 2504 Unam
763 2441 890 2503 tanturn
921 2436 1107 2502 memoriam
1135 2435 1330 2504 homericam
1358 2453 1437 2516 prae
1468 2453 1503 2500 se

329 2541 449 2625 ferunt,
471 2559 605 2622 eamque
628 2539 732 2605 miuus
754 2539 881 2605 felicem
896 2539 930 2605 in
945 2558 1043 2608 versu
1062 2541 1123 2604 213
1143 2537 1251 2621 πεζὸς,
1270 2534 1289 2603 ὃ
1305 2536 1334 2602 d’
1350 2535 1502 2604 ἵπποισιν

331 2663 372 2710 ex
396 2646 478 2710 059
501 2645 595 2726 πεζοὶ
617 2641 653 2708 θ’
677 2641 795 2730 ἱππῆές
824 2667 869 2708 τε.
921 2643 1156 2725 Fragmentum
1184 2641 1324 2706 fortasse
1352 2639 1503 2722 primitus

330 2747 399 2812 tale
426 2747 647 2828 compendium
673 2745 858 2811 fabularum
881 2747 921 2810 de
944 2744 1104 2826 Apollinis
1127 2743 1289 2810 amoribus
1311 2742 1503 2824 praestabat

331 2851 427 2930 quale
443 2844 483 2915 'in
505 2850 798 2916 versibus14-18
821 2847 926 2940 mytlni
948 2851 988 2913 de
1009 2853 1091 2913 natu
1112 2845 1274 2929 Apollinis
1296 2847 1459 2912 habemus

415 2953 495 3018 Inde
518 2971 538 3018 a
559 2969 657 3042 uersu
679 2954 742 3016 214
764 2969 872 3017 omues
894 2969 1008 3017 versus
1028 2951 1169 3016 indolem
1191 2951 1325 3014 eandem
1347 2949 1503 3013 exhibent

330 3075 430 3136 usque
459 3057 500 3120 ad
522 3057 597 3138 388,
627 3056 748 3134 absque
769 3053 835 3118 illis
858 3055 897 3118 de
919 3054 1097 3135 Typhaoue
1119 3071 1159 3118 ex
1181 3052 1303 3117 Iunone
1324 3051 1412 3116 irata
1434 3049 1503 3116 sine

331 3159 410 3224 Iove
439 3162 530 3240 nato,
562 3158 617 3240 qui
647 3174 761 3224 versus
787 3155 927 3220 medium
952 3153 1106 3236 prooemii
1128 3155 1232 3220 locum
1254 3159 1376 3218 tenent.
1420 3153 1503 3218 Nam

331 3265 366 3326 et
395 3266 472 3325 ante
501 3265 535 3324 et
557 3265 630 3346 post
652 3257 872 3328 narrationem
895 3257 984 3322 illam
1008 3259 1198 3341 (sos-355
1221 3255 1286 3321 iam
1309 3257 1350 3320 ab
1373 3254 1503 3337 Heyuio

332 3368 365 3428 et
380 3362 574 3428 Ruhnkenio
597 3360 818 3445 segregatam)
841 3361 969 3426 easdem
991 3359 1086 3425 huius
1101 3359 1214 3442 Pythii
1236 3359 1390 3441 prooemii
1408 3361 1503 3424 notas

332 3467 372 3530 de
394 3465 510 3545 quibus
532 3465 597 3530 iam
618 3465 745 3530 locutus
766 3483 848 3546 sum,
870 3461 1083 3544 repetitiones
1105 3462 1236 3528 crebras
1257 3461 1336 3544 dico,
1359 3460 1504 3526 animad-

332 3573 462 3636 vertere
488 3567 575 3633 licet.
618 3567 741 3632 Versus
763 3568 825 3632 366
847 3583 979 3647 prorsus
1001 3564 1111 3632 versui
1132 3567 1194 3630 249
1217 3563 1270 3649 (ci.
1293 3563 1360 3648 57),
1389 3581 1504 3630 versus

333 3672 394 3737 378
417 3670 527 3738 versui
542 3671 604 3736 240
628 3669 779 3754 (persona
793 3668 1008 3750 grammatica
1023 3671 1152 3732 tantum
1166 3665 1307 3750 mutata)
1323 3667 1505 3749 respondet,

333 3791 446 3841 versus
468 3775 529 3838 381
554 3790 667 3840 versus
689 3773 751 3836 duo
773 3772 908 3836 275-6
930 3770 965 3837 11
987 3773 1127 3834 mentem
1149 3773 1290 3851 revocat,
1312 3769 1505 3834 Ἰ1111111376

334 3879 369 3940 et
390 3877 452 3940 385
475 3877 517 3940 ad
539 3892 653 3947 versus
676 3876 738 3940 300
760 3891 904 3975 normam
926 3871 1059 3941 formati
1082 3875 1165 3936 sunt.
1202 3869 1323 3936 Versus
1338 3871 1401 3934 384
1417 3870 1505 3936 clau·
1610 3920 1623 3942 „

334 3978 407 4044 sula
420 3977 490 4044 iere
506 3979 617 4042 eadem
640 3982 691 4042 est
713 3994 751 4042 ac
773 3993 887 4042 versus
902 3977 973 4040 245.
1016 3975 1196 4040 Praeterea
1217 3972 1376 4037 nemiuem
1398 3971 1507 4054 fugiet
1608 3985 1623 4020 αῖ

333 4080 478 4148 fabulam
501 4081 540 4144 de
555 4079 732 4161 Typhaone
755 4079 851 4144 valde
866 4077 1051 4144 alaudibus
1066 4081 1100 4142 et
1114 4076 1215 4142 robus
1226 4075 1328 4158 gestis
1343 4074 1507 4158 Apollinis

239 4271 242 4277 Ι
333 4183 521 4266 abhorrere,
554 4200 635 4262 quas
667 4181 795 4261 quidem
827 4199 930 4247 novus
962 4179 1015 4248 hic
1047 4179 1177 4261 mythus
1209 4178 1420 4244 vehementer
1452 4178 1507 4242 de·

334 4286 456 4352 turbat.
500 4283 687 4367 Aetiologia
716 4301 856 4366 quoque,
886 4283 975 4348 cuius
1005 4282 1124 4362 ubique
1153 4281 1271 4364 hymno
1301 4280 1336 4344 iu
1365 4278 1507 4362 Pythico
1598 4334 1623 4367 „1

334 4407 472 4471 magnae
493 4392 605 4470 partes
627 4392 711 4470 sunt,
733 4387 767 4452 iu
786 4385 935 4453 versibus
954 4387 1015 4450 305
1026 4386 1123 4449 -355
1146 4383 1274 4450 omniuo
1296 4385 1396 4448 deest.
1439 4381 1508 4447 Nec
1608 4373 1623 4384 '⁴

335 4491 424 4558 Delii
439 4490 561 4577 Hymni
582 4489 723 4562 imitatio
745 4489 814 4557 ulla
835 4487 977 4556 inveniri
998 4485 1115 4594 potest,
1136 4506 1204 4574 nec,
1226 4490 1358 4570 praeter
1376 4502 1508 4553 versum
