3344 5194
310 443 352 520 26

310 624 422 708 paneis
449 629 525 692 ante
547 641 598 691 me
619 615 896 708 investigantibus
918 615 1021 691 eluxit
1043 621 1171 707 poetam
1194 638 1252 708 per
1273 617 1358 691 hane
1379 620 1488 690 totam

311 732 438 812 partem
467 747 581 795 versus
611 729 772 811 prooemio
794 725 888 794 Delio
918 729 1102 809 desumptus
1132 730 1241 794 eodem
1271 727 1305 793 in
1331 729 1424 793 modo
1447 746 1490 793 ac

311 848 425 900 versus
440 830 627 896 Homericos
649 848 831 912 usurpasse.
875 830 1012 896 Versum
1028 831 1089 896 207
1112 849 1242 897 versum
1266 833 1305 896 19
1328 835 1489 912 repetere,

310 951 403 1020 nemo
433 952 497 998 non
526 932 769 1000 animadvertit.
813 932 876 998 Sed
906 932 982 1013 quid
1012 934 1051 998 de
1078 933 1226 1000 versibus
1249 933 1392 998 dieamus
1414 935 1489 1015 204,

311 1037 388 1120 214,
418 1038 600 1120 220-221,
630 1038 832 1118 247-8-9,
862 1035 932 1120 (qui
954 1035 1085 1117 paulum
1108 1036 1227 1101 mutati
1249 1037 1489 1119 258-9—60,

312 1144 347 1204 et
376 1156 489 1204 rursus
520 1140 722 1204 287-8-9
752 1138 920 1222 leguntur)
950 1140 1243 1222 250-1—2-3,
1272 1139 1328 1219 qui
1357 1138 1386 1202 si
1415 1156 1489 1210 eum

311 1241 466 1323 prooemii
488 1239 577 1306 Delii
600 1240 810 1306 conferuntur
830 1239 979 1307 versibus
1003 1242 1138 1325 153-4,
1167 1243 1281 1324 75-6,
1304 1243 1428 1306 80-81
1454 1245 1489 1307 et

312 1345 362 1426 57,
385 1345 434 1426 21,
458 1345 507 1426 30,
532 1345 600 1426 132,
624 1363 664 1408 ex
685 1343 752 1408 illis
774 1342 946 1408 defluxisse
968 1343 1040 1408 luce
1063 1343 1182 1408 elarius
1204 1343 1275 1409 est?

398 1445 462 1512 Sed
484 1445 605 1528 singuli
627 1445 764 1528 singulis
787 1443 1009 1511 conferantur:

315 1584 398 1672 207
443 1591 516 1657 πῶς
538 1580 568 1648 τ’
584 1579 625 1667 όρ
650 1580 679 1648 σ’
694 1581 831 1670 ύμνήσοι
854 1588 924 1648 κτλ.

358 1685 398 1750 19
441 1685 527 1750 idem
549 1689 608 1751 est.

335 1822 397 1886 204
441 1819 473 1886 οἱ
502 1819 862 1906 δ’έπιτέριιονται
888 1819 1027 1906 θυμὸν
1053 1821 1157 1907 μέγαν
1183 1819 1489 1906 εἰσορόωντες,

314 1991 370 2059 nbi
393 1991 433 2059 de
455 1993 585 2059 Latona
607 1995 642 2058 et
663 1991 741 2060 Iove
763 1989 948 2075 Apollinem
970 1993 1215 2075 admirantibus,

337 2132 398 2195 153
756 2167 760 2176 ·
877 2131 1037 2215 τέρψαιτο
1063 2131 1098 2195 ds
1119 2129 1259 2215 θὐμόν

339 2233 400 2298 154
446 2229 571 2316 ἄνδρας
593 2229 806 2316 εἰσορόων
828 2237 898 2297 κτλ.

315 2365 372 2469 ubi
394 2405 434 2468 de
455 2403 627 2486 peregrino
650 2403 746 2468 Ionas
768 2403 803 2467 in
824 2402 985 2486 panegyri
1007 2401 1190 2470 admirante
1212 2421 1315 2469 sermo
1338 2406 1397 2470 est.
1466 2471 1469 2476 ,

401 2505 478 2591 (Sed
500 2505 647 2571 conferas
670 2505 770 2570 etiam
791 2509 827 2570 Η
837 2507 900 2571 214

576 2641 638 2744 τὸν
661 2641 696 2708 de
719 2644 775 2707 καὶ
797 2640 933 2728 Ἀργεῖοι
954 2641 1014 2727 μέν
1036 2641 1178 2729 ἐγήθεον
1201 2641 1440 2728 εἰσορόωντες).

338 2764 401 2828 214
444 2757 536 2848 ἢὼς
557 2760 597 2827 τό
619 2770 758 2846 πρῶτον
779 2761 1049 2848 χρηστήριον
1071 2760 1374 2847 ἀνθρώποισιν

359 2868 398 2931 81
444 2863 578 2950 έμμεναι
601 2862 850 2949 ἀνθρώπων
871 2863 1155 2951 χρηστήριον,
1180 2863 1286 2949 αὐτὰρ
1310 2862 1431 2930 ἔπειτα.

317 3037 368 3102 De
389 3037 430 3102 80
453 3035 528 3102 vide
550 3033 646 3102 inira.

338 3176 400 3239 220
444 3174 538 3260 (στῆς
561 3171 591 3238 d’
613 3173 667 3238 ἐπὶ
687 3172 866 3258 Ληλάντανι
891 3173 1033 3258 uantur),
1060 3171 1100 3238 τό
1122 3196 1176 3238 τοι
1199 3170 1260 3258 σύχ
1282 3167 1334 3238 dd
1341 3197 1355 3238 ε
1377 3179 1492 3258 θνμῶι

423 3275 684 3356 τεύξασθαι
706 3274 810 3362 νηόν
832 3299 876 3340 τε
898 3276 969 3341 καὶ
992 3271 1122 3340 ἄλσεα
1146 3273 1412 3362 δενδρήεντα

318 3445 501 3529 deprompti
523 3450 599 3512 sunt
621 3461 664 3512 ex

362 3586 402 3650 75
433 3582 589 3663 κλύσσει,
615 3581 633 3648 ό
658 3580 688 3648 d'
704 3579 809 3669 όλλην
831 3597 929 3669 γαῖαν
953 3581 1115 3667 ἀφίξεται,
1139 3577 1161 3670 ἥ
1183 3608 1241 3649 κεν
1263 3576 1362 3668 όόηι
1383 3581 1416 3648 οἱ

445 3685 684 3776 τεύξασθαι
706 3685 811 3771 νηόν
832 3711 875 3752 τε
896 3687 968 3751 καὶ
990 3683 1120 3752 ἄλσεα
1144 3685 1408 3773 δενδρήεντα

522 3811 557 3872 et

340 3928 401 3993 247
451 3923 811 4009 Τελφοῦσ”ἒνθόόε
834 3924 874 4013 δὴ
899 3926 1033 4011 φρονέοι
1055 3922 1449 4011 περικαλλέανηόν
1491 3927 1494 3932 “

447 4027 693 4114 α’νθροόιιοιν
715 4033 864 4108 τεῦξαι
885 4027 1168 4115 χρηστήριον,
1193 4025 1230 4094 ol'
1247 4045 1283 4093 τε
1304 4051 1361 4113 μοι
1384 4028 1448 4094 αἰεὶ

327 4215 330 4220 ¹
446 4129 563 4198 ἐνθάδ’
579 4129 775 4217 ἀγινήσουσι
796 4131 973 4216 τεληέσσας
995 4129 1181 4216 ἑκατόμβας

319 4289 448 4352 tantum
469 4301 534 4350 non
556 4289 632 4350 sunt
653 4283 751 4351 iidem
773 4303 812 4350 ao

363 4425 405 4488 80
448 4421 608 4488 ἐνθάδε
630 4447 687 4507 μιν
708 4430 847 4506 πρῶτον
868 4419 1038 4501 τεύξειν
1059 4421 1321 4506 περικαλλέα
1344 4419 1449 4506 νηόν
1496 4468 1498 4474 s

448 4523 582 4614 lippeam
605 4522 849 4610 ἀνθρώπων
870 4522 1153 4610 χρηστήριον,
1177 4521 1284 4612 αὐτὰρ
1306 4521 1419 4590 ἔπειτα
1495 4555 1497 4562 ’
