3344 5194
1339 465 1377 532 37

294 635 391 704 Hune
424 637 578 722 hymnum
611 635 827 717 antiquiorem
859 653 929 702 esse
962 654 1058 718 quem
1092 634 1245 720 priorem,
1282 654 1381 719 supra

203 739 344 808 ostendi.
378 739 429 808 Ex
452 739 507 813 illo
531 757 644 808 versus
668 741 792 810 14-18
815 739 996 821 deprompti
1018 743 1102 806 suut.

417 979 491 1048 111.
525 979 685 1062 Hymnus
708 978 745 1044 iu
768 976 970 1063 Apollinem
992 977 1176 1060 Pythium.
1209 995 1216 1008 ·

231 1101 261 1148 v.
279 1083 361 1148 1-3

207 1203 262 1252 vv.
279 1181 473 1274 [luo-181]
517 1203 626 1251 eorum
655 1201 806 1252 versuum
835 1183 940 1249 locum
966 1189 1207 1266 occupaverunt
1228 1185 1283 1265 qui
1305 1183 1382 1250 olim

515 1287 681 1354 exordium
704 1293 808 1352 eraut.

307 1393 473 1456 182-206
517 1391 571 1472 qui
597 1389 746 1456 versibus
768 1391 873 1454 2-13
892 1388 1046 1471 prooemii
1068 1388 1156 1454 Delii
1178 1391 1382 1471 respondent.

409 1495 470 1559 207
516 1523 557 1546 =
581 1493 620 1558 19
643 1492 802 1574 repetitus

302 1597 470 1662 208-213
516 1593 626 1660 vitiosi
649 1594 756 1660 trunci
783 1594 922 1660 fortasse
946 1593 1093 1678 insitioii,
1120 1599 1230 1660 tamen
1252 1613 1382 1676 respou-

514 1697 635 1764 sionem
659 1699 819 1778 quandam
842 1699 883 1762 ed
906 1699 1041 1761 20-24
1064 1696 1210 1763 efficiunt
1229 1702 1262 1762 et
1276 1697 1382 1763 looum

514 1819 665 1868 versuum
687 1801 813 1865 25—29
835 1805 1084 1884 occupaverunt.

302 1905 471 1969 ull-215
516 1902 626 1970 versui
648 1905 688 1967 25
712 1903 949 1984 respondentes,

300 2009 469 2072 216-304
514 2007 653 2090 ΙΙιιριίμ·
672 2003 738 2090 μὴν
756 2013 895 2088 πρῶτον
917 2010 987 2069 κτλ.
1022 2003 1123 2070 Recte
1139 2004 1382 2070 Baumeisterus

514 2107 764 2188 animadvertit,
806 2106 1081 2192 παραλληλισμόυ
1125 2125 1218 2186 quem
1262 2112 1382 2174 vocant

514 2212 674 2292 quendem
714 2209 872 2275 exsistere
912 2209 1000 2275 inter
1036 2211 1120 2275 hauc
1156 2211 1296 2275 locorum
1340 2211 1381 2276 ab

514 2312 665 2396 Apolline
681 2311 938 2378 examinatorum
953 2313 1228 2378 enumerationem
1244 2317 1277 2378 et
1293 2317 1381 2378 oeta-

513 2417 621 2498 logum
643 2413 831 2480 insularum.

277 2501 469 2606 [uos-355]
515 2517 703 2599 Episodium
726 2519 766 2582 de
788 2518 945 2600 Typhone
967 2517 1207 2600 interpolatum.

301 2623 469 2688 356-387

315 2723 470 2810 (545—6)
514 2723 675 2790 Clausulo.

208 2979 270 3046 IV.
304 2981 464 3062 llynrnus
494 2981 531 3046 in
559 2979 760 3065 Apollinem
789 2982 1019 3065 Delphinium
1051 3000 1096 3048 ex
1118 2981 1181 3047 III
1209 2979 1382 3048 oriundus

645 3103 726 3150 eum
750 3085 948 3152 ooutinuot.

234 3221 287 3269 vv.
307 3204 475 3268 388-522
520 3205 575 3268 καὶ
610 3202 685 3268 τότε
720 3203 760 3289 dr}
794 3203 879 3269 κατὰ
916 3203 1028 3289 θυμὸν
1061 3202 1222 3286 {morigero
1258 3207 1383 3282 Φοῖβος

514 3303 683 3371 Ἀπόλλων
707 3305 711 3390 i
735 3301 889 3382 othurae
911 3305 1123 3391 ἀνθρώπους.

306 3409 472 3473 524-544
516 3410 635 3474 Preoes
672 3408 873 3474 Cretensium
917 3414 952 3475 et
994 3408 1165 3490 prophetia
1206 3412 1240 3474 et
1275 3405 1383 3472 minae

515 3509 685 3592 Apollinis.

304 3615 472 3679 545-546
516 3613 677 3679 clausule.

207 3819 355 3900 Denique
378 3839 439 3901 quo
462 3822 576 3887 melius
598 3841 682 3903 quae
704 3822 791 3888 iuter
812 3824 1004 3905 hymnorum
1026 3821 1192 3887 Deliorum
1214 3791 1252 3885 et'
1270 3819 1382 3902 hymni

207 3921 322 4004 Pythii
351 3923 514 4004 prooemio
545 3925 744 3994 intercedat.
766 3925 851 3990 ratio
885 3924 1116 4007 perspiciatur,
1152 3923 1239 4005 ipsos
1268 3941 1383 3990 versus

712 4030 878 4110 adponam.

598 4200 625 4263 A.
659 4200 845 4266 Prooemium
870 4200 992 4265 [lelium.

216 4337 219 4343 ’
317 4336 332 4397 1
379 4332 559 4419 Μνήσομσι
582 4332 659 4398 olidi
683 4333 840 4418 λάθωμαι
863 4333 1071 4409 Ἀπόλλωνος
1093 4333 1238 4415 ἑκάτοιο,

381 4431 458 4501 ὅντε
480 4438 554 4500 ileoi
579 4434 664 4501 κατὰ
688 4437 782 4520 oropo
806 4436 885 4511 Διὸς
907 4438 1106 4522 τρομέουσιν
1130 4437 1225 4504 ἰόντα

380 4541 436 4610 καί
460 4535 500 4626 ῥά
523 4544 551 4603 τ’
576 4537 794 4607 ἀναΐσσουσιν
818 4539 993 4627 ἐπισχεδὸν
1015 4540 1208 4628 ἐρχομένοιο
