3344 5194
1339 435 1379 508 et

209 615 310 697 reret,
339 609 494 698 templum
524 614 684 681 conderet.
727 610 826 680 Nulla
855 617 906 680 est
934 611 969 679 in
994 611 1112 697 hymno
1139 612 1260 681 mentio
1282 612 1382 680 maris

209 716 421 800 naviumque;
453 717 585 782 fraudes
610 717 784 800 numinum,
810 720 1026 782 monstrorum
1049 715 1195 799 pericula
1220 718 1279 800 deo
1305 721 1382 784 sunt

209 820 401 901 superanda
437 819 488 886 De
506 817 634 885 dicendi
648 817 777 903 generis
799 817 930 901 ingenio
953 823 1052 899 atque
1074 818 1181 885 indole
1203 818 1268 884 iam
1283 835 1383 902 supra

209 920 354 988 disserui
395 921 442 987 At
456 939 554 989 versu
576 923 638 988 388
658 920 756 990 velim
778 919 1022 989 animadvertat
1043 921 1146 988 lector
1167 940 1286 989 novum
1308 941 1381 1005 pro·

208 1023 348 1106 positum
371 1041 522 1106 expresse
548 1022 733 1108 significari,
755 1027 790 1088 et
811 1021 845 1088 id
867 1021 985 1106 verbis,
1007 1041 1090 1104 quae
1112 1025 1188 1089 dmn
1209 1023 1381 1092 formulam

209 1128 324 1192 Πυθοῖ
351 1125 401 1191 ἐνὶ
426 1127 624 1211 πετρηέσσηι
646 1125 737 1211 (390)
760 1144 801 1191 ex
822 1124 977 1208 prooemii
998 1125 1113 1209 Pythii
1143 1126 1274 1192 exordio
1295 1125 1381 1211 πρὸς

208 1227 316 1294 Hodoi
338 1227 546 1315 πετρήεσσαν
565 1227 657 1314 (183)
678 1233 841 1312 repetunt,
870 1228 1016 1296 consulto
1045 1229 1212 1295 exordium
1233 1229 1315 1295 illud
1343 1230 1378 1296 in

207 1335 348 1398 mentem
377 1349 531 1398 revocare
561 1329 722 1398 videntur.
766 1331 876 1412 Atque
905 1331 981 1398 inde
1009 1349 1050 1396 ex
1080 1349 1177 1400 versu
1199 1333 1261 1397 388
1284 1331 1380 1415 longe

207 1433 307 1500 alium
329 1451 399 1500 sese
421 1433 564 1500 ostendit
585 1433 710 1516 Apollo.
754 1433 826 1501 Non
844 1433 910 1500 iam
924 1451 983 1516 per
996 1438 1104 1500 terras
1119 1438 1219 1519 errat,
1240 1453 1299 1500 neo
1313 1433 1394 1502 iamt

206 1534 353 1602 inimicos
371 1535 524 1604 devincat
538 1554 668 1603 necesse
691 1539 749 1619 est,
771 1537 828 1602 sad
842 1535 1008 1620 prodigiis
1030 1535 1203 1620 miraculis,
1217 1536 1379 1618 portentis

206 1657 248 1704 ex
269 1638 377 1706 insula
391 1639 489 1705 Creta
511 1640 696 1706 sacerdotes
717 1637 820 1722 ducit,
842 1656 895 1704 res
917 1637 1046 1705 futuras
1068 1638 1244 1722 praesagit.
1288 1639 1379 1704 Nihil

206 1741 291 1808 enim
313 1759 431 1808 causae
453 1746 504 1808 est
525 1759 598 1808 mea
615 1741 742 1822 quidem
764 1740 938 1825 sententio,
960 1760 1017 1807 cur
1038 1759 1152 1808 versus
1174 1741 1378 1823 prophetiam

205 1843 409 1910 continentes
431 1863 452 1910 a
473 1841 598 1925 reliquo
620 1841 780 1926 prooemio
795 1842 970 1926 Delphinio
992 1842 1180 1910 abiudicare
1196 1844 1378 1911 debeamus.
1444 1917 1447 1927 ,

205 1948 258 2014 Αιι
294 1946 410 2012 mirum
451 1951 501 2012 est
542 1944 769 2012 miraculorum
809 1945 1040 2030 religionisque
1087 1949 1155 2012 tam
1199 1946 1378 2014 studiosum

205 2053 333 2132 poetam
356 2049 449 2114 deum
472 2048 628 2130 Pythium
650 2049 815 2114 oraculum
838 2050 987 2114 edentem
1008 2047 1139 2114 iacere?
1175 2049 1376 2134 Quamquam

204 2151 334 2218 minime
364 2169 447 2234 nego
476 2150 547 2217 fieri
577 2151 732 2234 potuisse,
759 2155 796 2216 ut
822 2150 930 2216 ultimi
956 2156 1080 2234 septem
1110 2170 1223 2218 versus
1259 2153 1379 2218 iudea

205 2257 267 2320 540
289 2259 362 2336 post
380 2254 506 2320 Bellum
523 2253 656 2320 Sacrum
679 2255 763 2335 quod
784 2259 921 2321 vocatur
942 2255 1148 2338 adderentur,
1170 2260 1207 2320 ut
1230 2257 1378 2322 nonnulli

204 2377 244 2422 ex
265 2375 296 2425 v.
318 2358 380 2422 542
408 2356 618 2441 collegerunt.
672 2355 765 2440 Quod
797 2375 869 2422 oum
898 2374 957 2422 nec
986 2356 1118 2439 probari
1148 2375 1207 2423 nec
1238 2357 1377 2424 refutari

203 2459 315 2543 possit,
337 2459 372 2524 in
394 2458 498 2525 medio
520 2457 704 2540 relinquere
725 2459 819 2526 malo.

287 2561 436 2628 Allenins
462 2560 671 2642 Sikesiusque
698 2579 775 2626 sane
798 2561 951 2644 hymnum
976 2559 1140 2645 Pythium,
1168 2579 1230 2643 quo
1248 2563 1376 2630 nomine

203 2683 312 2731 omnes
334 2665 632 2732 versus179-546
654 2664 815 2749 (sos-55
835 2664 991 2750 exceptis)
1007 2666 1289 2748 comprehendunt,
1304 2665 1375 2732 ideo

204 2772 281 2834 ante
313 2767 440 2834 Bellum
473 2766 607 2834 Sacrum
643 2767 798 2850 seriptum
832 2787 901 2834 esse
934 2768 1151 2852 arbitrentur,
1188 2771 1272 2850 quod
1305 2788 1376 2836 cum

203 2869 365 2953 plerisque
394 2869 541 2936 omnibus
567 2869 690 2936 criticis
716 2888 757 2936 ex
778 2870 927 2938 versibus
953 2872 1015 2936 262
1032 2889 1095 2952 seq.
1118 2875 1247 2953 poetam
1270 2891 1375 2955 agona

204 2971 366 3054 hippicum
382 2971 575 3056 Pythiornm
596 2973 736 3040 nondum
758 2970 947 3056 cognovisse
969 2977 1108 3056 sumunt,
1131 2991 1225 3053 quem
1247 2979 1376 3041 constat

203 3081 277 3157 post
312 3074 433 3141 bellum
467 3074 549 3141 illud
584 3093 669 3140 anno
705 3079 783 3140 ante
819 3073 983 3140 Christum
1019 3080 1132 3141 natum
1165 3075 1375 3142 DLXXXVI

204 3176 413 3262 (Olympiade
456 3175 490 3242 in
528 3176 776 3260 quadragesima
818 3176 973 3262 septima)
1014 3177 1056 3243 ab
1092 3177 1374 3259 Amphictionibus

202 3279 390 3347 institutum
412 3297 490 3346 esse.
519 3279 584 3346 Sed
605 3284 642 3344 ut
664 3279 724 3345 hoo
745 3283 835 3346 recte
857 3278 982 3346 exiliis
1004 3279 1153 3348 versibus
1175 3280 1374 3367 collexerint,

204 3381 280 3463 quid
309 3383 420 3449 obstat
448 3381 526 3464 quin
552 3387 681 3464 poetam
707 3381 799 3448 illum
828 3381 883 3466 qui
904 3400 1013 3448 omnes
1034 3381 1110 3448 inde
1132 3403 1153 3449 a
1175 3385 1237 3448 388
1259 3402 1374 3450 versus

202 3484 341 3564 addidit,
369 3483 537 3566 Delphinii
563 3483 633 3550 dico
655 3483 767 3566 hymni
789 3489 966 3569 auctorem,
995 3489 1068 3566 post
1091 3485 1217 3551 Bellum
1240 3485 1373 3552 Sacrum

202 3582 328 3656 vixisse
345 3586 551 3653 statuamus?

659 3815 912 3823 ——ffl———n

672 4042 904 4112 conclusio.

285 4205 336 4272 De
357 4203 508 4272 universo
534 4203 568 4270 in
590 4204 773 4288 Apollinem
795 4207 924 4289 Hymno
950 4205 1053 4288 igitur
1079 4205 1202 4272 iudico:
1235 4206 1371 4273 Constat

200 4308 338 4391 hymnus
374 4307 430 4389 qui
463 4313 601 4375 vocatur
632 4308 793 4390 Apollinis
829 4327 870 4373 ex
899 4308 1095 4375 carminibus
1125 4314 1292 4394 quattuor,
1329 4329 1370 4375 ex

103 4469 105 4474 .
200 4410 316 4492 quibus
345 4410 483 4493 primum
505 4412 599 4477 deum
620 4410 655 4474 in
677 4409 847 4492 Olympum
870 4411 1049 4477 intrantem
1071 4412 1231 4495 depingit,
1260 4417 1369 4478 cetera

200 4512 266 4580 tria
294 4518 423 4598 partum
453 4512 518 4596 dei,
554 4512 752 4595 Delphorum
781 4513 935 4597 origines,
969 4516 1172 4581 sacerdotum
1202 4533 1242 4580 ex
1271 4514 1369 4581 Creta
