3344 5194
1318 463 1358 556 u

182 655 264 732 mihi
292 653 420 745 quidem
448 655 572 730 imitari
603 657 742 732 videtur.
786 656 858 748 ligo
888 655 973 730 enim
1003 677 1057 728 eos
1077 655 1226 728 ‘editores
1248 681 1359 729 errare

183 769 278 850 duco,
308 767 364 848 qui
386 787 416 834 v.
430 770 470 833 13
493 771 530 833 ut
552 768 607 848 qui
630 787 670 833 ex
692 787 722 834 v.
737 769 797 834 126
819 767 880 832 boc
901 765 1072 848 irrepserit
1093 765 1232 832 deleant.
1277 765 1360 831 Nam

183 887 299 937 versus
328 869 517 936 dimidiatus
547 872 653 955 χαίρει
683 870 720 935 δέ
748 893 783 934 τε
813 867 937 934 πότνια
959 867 1060 953 Λητολ
1091 867 1248 934 conflatus
1270 873 1360 933 este

184 973 308 1038 duobus
331 971 495 1055 Odysseae
518 972 667 1038 versibus
694 974 735 1038 30
761 973 936 1057 χαίρουσιν
966 971 1001 1036 δὲ
1027 969 1138 1057 πατὴρ
1160 972 1216 1036 καὶ
1237 968 1360 1035 πότνια

184 1073 293 1161 μήτηρ
324 1079 358 1140 et
387 1077 448 1141 106
477 1075 597 1161 γέγηθε
620 1075 657 1139 δέ
677 1098 712 1140 τε
736 1073 842 1158 φρένα
864 1071 979 1159 Λητοό,
1011 1091 1144 1154 quorum
1167 1061 1304 1154 utroque
1326 1073 1361 1137 in

184 1175 255 1242 loco
292 1177 331 1242 de
368 1177 559 1260 parentibus
594 1175 681 1244 filiae
717 1175 959 1259 pulchritudine
992 1175 1210 1259 gaudentibus
1243 1175 1361 1258 agitur.

185 1278 303 1360 itaque
333 1297 463 1346 versum
492 1273 614 1345 οόνεκα
643 1284 713 1345 κτλ.
737 1283 810 1362 post
834 1281 872 1344 12
896 1297 953 1344 suo
975 1277 1008 1344 in
1031 1279 1100 1345 loco
1123 1296 1205 1362 esse,
1237 1279 1361 1344 ras—6

186 1395 279 1472 χαῖρε
310 1383 344 1447 δὲ
367 1381 468 1468 Λητώ
499 1375 621 1448 οόντκα
650 1386 720 1448 κτλ.
749 1381 965 1448 imitationem
987 1386 1021 1448 et
1042 1380 1362 1463 repetitionemesse

187 1485 275 1550 duco.
319 1483 382 1550 Sed
404 1485 489 1550 hanc
510 1503 614 1550 meam
636 1484 831 1550 sententiam
855 1484 1063 1566 comprobare
1078 1502 1142 1549 non
1156 1501 1298 1566 possum3
1320 1485 1363 1568 ad

187 1587 457 1669 comprobandam
488 1587 635 1670 pluribus
665 1585 920 1666 certioribusque
943 1585 1145 1670 argumentis
1167 1589 1226 1651 eut
1246 1584 1363 1651 saltem

188 1688 317 1756 indiciis
345 1708 424 1772 opus
447 1694 545 1773 esset,
576 1694 750 1774 propterea
772 1691 856 1770 quod
878 1688 1018 1772 cogitari
1040 1693 1148 1771 potest
1169 1707 1299 1758 versum
1322 1689 1362 1754 13

186 1790 420 1874 interpolatum
450 1811 520 1858 esse
551 1797 609 1858 aut
637 1795 767 1874 poetam
797 1793 932 1858 eundem
962 1809 1091 1858 versum
1118 1809 1211 1858 suum
1233 1789 1284 1858 bis
1307 1791 1362 1857 ad·
1431 1819 1434 1827 ·

188 1891 342 1961 hibuisse.

272 1997 324 2062 De
355 2017 409 2066 vv.
434 1999 567 2064 14-18
600 1995 664 2063 iam
698 1993 896 2063 sufficienter
929 1995 1051 2063 dictum
1083 1999 1134 2062 est
1167 1995 1231 2081 (pp.
1253 1999 1287 2081 8,
1319 1997 1363 2082 9).

189 2097 349 2166 Versuum
374 2101 511 2186 19-24,
541 2119 675 2182 quorum
698 2117 780 2166 unus
802 2104 852 2165 est
874 2103 980 2183 tenor,
1006 2099 1115 2165 nullus
1138 2104 1188 2165 est
1210 2100 1364 2165 delendus

189 2207 247 2268 aut
270 2201 369 2269 alium
391 2202 425 2268 in
447 2203 552 2270 looum
574 2203 840 2286 transponendus.
876 2203 1005 2268 'Versus
1027 2204 1154 2267 22-24
1179 2203 1263 2268 hano
1285 2221 1365 2268 sane

188 2305 415 2372 difficultatem
438 2307 570 2391 habent,
590 2308 673 2387 quod
696 2326 749 2374 vv.
763 2307 886 2371 ron-5
908 2305 1005 2370 iidem
1020 2309 1097 2371 sunt
1111 2323 1150 2371 ao
1165 2324 1217 2373 vv.
1229 2307 1364 2388 22-23,

189 2407 253 2474 nisi
282 2407 412 2474 illiers
443 2411 538 2492 φῖλαι
568 2427 626 2494 pro
655 2433 709 2474 τοι
738 2402 823 2474 όόον
849 2407 995 2491 legimus.
1038 2407 1125 2491 Quos
1146 2407 1257 2473 ambos
1278 2407 1365 2473 locos

190 2515 320 2594 oportet
346 2511 531 2578 accuratius
558 2509 768 2595 investigare.
812 2510 892 2576 Fuit
913 2515 1041 2593 tempus
1063 2529 1134 2576 oum
1158 2528 1270 2578 versus
1291 2509 1365 2576 illos

190 2615 326 2680 22-23

344 2759 450 2816 πᾶσαι
474 2749 508 2816 di
533 2751 669 2817 σκοπιαί
689 2775 744 2816 τοι
767 2743 851 2816 όόον
873 2751 929 2816 καὶ
950 2747 1103 2834 πρώονες
1126 2745 1224 2835 ἄκροι

345 2851 487 2940 ὑψηλῶν
511 2850 618 2938 ὀρέονν
639 2855 786 2938 ποταμοί
808 2850 844 2918 θ’
860 2847 963 2918 ἅλαδε
984 2853 1194 2938 προρέοντες,

192 3012 231 3072 nt
251 3011 327 3089 pote
349 3008 460 3073 eadem
483 3006 553 3072 fere
574 3007 677 3073 verba
695 3023 778 3087 quae
794 3007 919 3072 144-5
936 3005 1135 3091 exhibentes,
1157 3005 1261 3071 serius
1275 3003 1366 3072 illinc

192 3110 256 3175 huc
276 3109 410 3191 illapsos
432 3113 588 3192 putarem.
632 3109 725 3174 Nunc
747 3107 845 3174 aliter
864 3107 978 3193 iudico,
1000 3109 1062 3174 hac
1076 3108 1231 3176 videlicet
1245 3108 1365 3174 delibe-

193 3211 322 3277 ratione
351 3213 478 3277 ductus:
508 3211 536 3278 si
565 3211 637 3292 quis
659 3229 689 3278 v.
704 3213 839 3277 22-23
862 3209 1042 3294 induxerit,
1072 3230 1137 3277 nou
1159 3211 1281 3294 poterit
1302 3229 1366 3276 non

194 3313 293 3380 etiam
315 3315 356 3378 24
379 3314 496 3398 delere,
518 3313 573 3395 qui
595 3313 681 3379 solus
703 3331 835 3397 prorsus
857 3313 891 3378 in
913 3331 1066 3395 suspenso
1088 3313 1140 3380 sit.
1184 3313 1247 3379 Sed
1269 3315 1309 3380 21
1333 3317 1368 3379 et

194 3417 235 3481 24
258 3434 299 3482 ex
320 3415 432 3482 iisdem
455 3417 604 3483 versibus
625 3415 797 3482 homericis
819 3415 945 3481 radices
967 3417 1096 3499 ducunt
1118 3441 1139 3482 ν
1154 3417 1288 3482 234-5.

247 3573 287 3636 21
333 3569 415 3657 ἠμὲν
437 3569 489 3638 ἀν’
505 3569 686 3658 ἤπειρον
707 3569 939 3656 πορτιτρόφον
951 3569 974 3655 ¹)
996 3568 1049 3656 riri
1065 3568 1129 3637 ἀνὰ
1152 3570 1310 3657 νήσους

248 3676 290 3739 24
334 3672 449 3740 ἀκταί
475 3672 505 3740 τ’
528 3673 588 3749 εἰς
617 3668 690 3738 dua
712 3674 966 3758 κεκλιμέναι
988 3674 1115 3758 λιμένες
1136 3697 1172 3739 τε
1194 3671 1368 3758 θαλάσσης

281 3933 302 3999 ¹)
328 3931 397 3985 Nam
419 3925 611 4003 πορτιτρόφον
632 3946 802 4000 nequaquam
825 3936 868 3986 est
895 3909 1085 3986 reiectaneum.
1121 3931 1251 3989 edm-7
1273 3929 1368 3985 Ithaca

195 4014 285 4071 insula
301 4017 340 4071 sio
356 4017 530 4072 describitur:

450 4112 595 4191 αἰγιβότος
612 4121 661 4174 καλ
679 4121 792 4186 μᾶλλον
808 4112 945 4190 ἐπήρατος
964 4111 1142 4190 ἱπποβότοιο.

450 4197 485 4260 οὐ
502 4199 557 4277 γάρ
576 4221 616 4268 τις
634 4199 727 4274 νήσων
746 4198 898 4274 ἱππήλατος
916 4198 975 4259 οὐδ’
988 4198 1133 4273 εὐλείμων.

172 4295 174 4300 ¹
196 4324 292 4393 Itaque
318 4324 347 4379 in
373 4341 453 4380 versu
475 4327 508 4382 21
534 4330 623 4380 terrae
649 4324 812 4392 continenti,
841 4341 921 4392 quam
947 4330 1027 4393 poeta
1050 4324 1148 4379 insulis
1171 4323 1286 4392 confert,
1314 4323 1368 4392 epi-

196 4410 292 4464 theton
310 4425 472 4478 magnopere
490 4425 650 4480 congruum,
672 4402 875 4480 πορτιτρόφον,
894 4409 944 4464 hoc
961 4413 1003 4464 est
1020 4409 1121 4464 vitulos
1138 4424 1261 4478 pascens,
1279 4409 1368 4476 datur,

196 4499 338 4564 propterea
360 4496 431 4564 quod
454 4495 560 4551 insulae
584 4495 670 4564 capris
688 4499 796 4552 tantum
815 4500 844 4550 et
861 4494 889 4549 id
906 4509 993 4564 genus
1010 4494 1099 4564 pecori
1116 4499 1224 4564 pastum
1241 4494 1369 4564 praebere

196 4585 330 4653 poterant.
1273 4591 1277 4598 “

1162 4683 1195 4740 3*
