3344 5194
1299 443 1341 512 23

165 609 305 696 Pythice
332 617 467 680 caumre
488 610 659 696 inciperet,
688 611 764 680 Deli
785 613 949 680 mentione
971 613 1075 680 denno
1096 612 1199 699 ianm,
1227 612 1341 682 laudes

166 716 277 780 sedum
300 715 406 782 cultus
421 713 622 798 Apollinaris
644 713 915 797 amplissimarum
936 715 1011 782 laxo
1034 734 1093 784 ceu
1115 715 1244 783 vinculo
1268 733 1341 782 cou-

166 816 325 900 inugeret.
368 817 465 884 Etsi
487 823 664 900 quaeratur
686 835 781 900 quem
803 819 907 886 locum
929 819 965 886 hi
987 837 1100 885 versus
1123 819 1225 902 primo
1248 821 1341 885 tenu·

166 918 230 987 isse
253 919 405 1004 arbitrer,
427 925 504 986 ante
527 923 568 988 29
590 938 648 1003 pro
671 940 700 988 v.
712 923 839 986 25-28
861 919 962 986 inseri
977 919 1093 1004 iubem‚
1115 940 1194 1004 qnos
1209 920 1342 991 fabulae

167 1021 303 1088 iormam
332 1023 451 1106 hymno
480 1021 604 1103 reliquo
630 1021 841 1108 incongruam
868 1023 1035 1090 continere
1056 1023 1192 1106 ideoque
1213 1041 1251 1088 eo
1272 1024 1341 1090 loco

167 1123 362 1191 inducendos
401 1143 472 1192 esse
508 1124 737 1192 demonstravi.
794 1125 840 1190 Et
875 1125 1072 1208 repugnanti
1109 1130 1142 1192 et
1179 1124 1342 1210 obicienti,

167 1227 277 1294 versui
305 1230 347 1294 29
376 1227 491 1294 ultima
517 1227 551 1294 in
577 1229 652 1294 sede
682 1225 837 1304 ἀνάσσεις
866 1227 1034 1294 exhibenti
1063 1245 1192 1294 versum
1216 1230 1276 1294 181
1306 1227 1342 1296 in

167 1329 302 1396 verbum
331 1329 415 1396 idem
444 1335 616 1396 exeuntem
646 1333 838 1396 antecedere
860 1349 924 1397 non
945 1329 1101 1414 potuisse,
1130 1330 1235 1396 habeo
1257 1332 1342 1411 qnod

167 1433 385 1516 respondeam,
407 1433 528 1516 Pythio
550 1433 583 1498 in
606 1433 768 1516 prooemio
790 1431 910 1498 similia
931 1451 989 1498 nos
1011 1432 1046 1498 iu
1065 1433 1214 1500 versibus
1229 1435 1292 1498 536
1307 1437 1342 1498 et

167 1536 238 1618 537,
259 1539 396 1616 utroque
419 1535 453 1600 in
476 1533 555 1618 «οἵ
571 1533 766 1620 ἀνθρώποιο
788 1541 937 1620 exeunte,
959 1533 1115 1619 invenire,
1138 1539 1172 1600 et
1194 1535 1263 1618 ipso
1279 1534 1341 1599 tali

168 1633 408 1722 ὃμοιοτελεειεῇ
424 1637 578 1704 facillime
594 1637 844 1720 saepissimeque
856 1637 1011 1704 accidisse
1023 1643 1060 1704 nt
1071 1655 1185 1704 versus
1195 1641 1341 1720 praeter-

167 1737 384 1806 mitterentur.
428 1741 607 1806 Praeteree
629 1739 839 1806 conferantur
863 1743 986 1807 lto-7

295 1874 379 1941 άλλά
404 1875 443 1942 σί·
466 1875 588 1964 Auliou,
614 1881 725 1957 Φοῖβε,
748 1875 880 1962 μάλιστ’
895 1877 1085 1962 ἐπιτέρπεαι
1107 1868 1199 1965 ἦτορ,

296 1977 380 2044 ἔνθα
403 2003 456 2045 τοι
479 1977 690 2064 ἑλκεχίτωνες
712 1985 781 2046 κτλ.

372 2103 405 2164 et

190 2218 249 2283 181
295 2215 397 2292 οὗτὸς
420 2215 450 2282 ‹l'
466 2209 508 2282 σί·
531 2217 655 2304 Δήλοιο
677 2217 898 2304 περικλάστης
919 2217 989 2304 μέγ’
1005 2217 1160 2294 ἀνάσσεις

208 2319 249 2385 29
294 2317 393 2385 ἔνθεν
416 2317 647 2406 ἀπορνύμενος
668 2329 751 2386 πᾶσι
773 2327 951 2406 θνητοῖσιν
975 2319 1139 2396 ἀνάσσεις.

250 2455 371 2521 Versus
389 2457 555 2522 182-206
577 2457 759 2524 ornatiores
775 2474 957 2538 essequam
973 2457 1207 2538 subsequentes
1224 2457 1341 2539 quibus

167 2555 328 2638 Apollinis
368 2556 489 2624 itinera
529 2564 707 2625 namantnr
742 2577 806 2625 nou
843 2563 893 2624 est
930 2558 985 2640 qui
1021 2558 1190 2628 infitietur.
1248 2561 1340 2644 Quod

167 2658 391 2726 Groddeckins
413 2679 470 2743 pro
494 2666 684 2744 argumento
707 2661 852 2728 habebat
873 2661 931 2727 hos
953 2679 1067 2729 versus
1085 2661 1172 2744 ipsos
1187 2663 1341 2744 hymnum

166 2761 350 2828 absolutum
365 2769 543 2844 praestare.
580 2762 642 2828 Sed
657 2763 808 2829 similiter
822 2763 1034 2830 ratiocinanti
1048 2763 1238 2830 facillimum
1256 2769 1342 2830 esset

167 2865 306 2945 probare
339 2865 579 2947 unumquidque
611 2865 750 2948 lepidius
783 2867 988 2932 enuntiatum
1021 2866 1173 2948 propriae
1205 2867 1341 2949 originis

166 2983 245 3032 esse.
289 2965 426 3048 Oportet
455 2967 539 3033 enim
569 2967 723 3034 memoria
752 2973 920 3034 teneamus
950 2967 1111 3050 Apollinis
1140 2968 1174 3033 in
1204 2969 1340 3052 Olympo

166 3067 255 3133 inter
282 3068 482 3136 admirantes
511 3071 587 3137 deos
616 3071 818 3152 splendorem
846 3070 933 3136 ultro
963 3071 1059 3153 longe
1088 3071 1249 3152 aptiorem
1275 3069 1339 3136 art'

166 3170 314 3252 poeticae
335 3171 505 3238 materiam
527 3173 697 3256 praebere,
720 3192 815 3255 quam
838 3173 890 3239 dei
912 3172 977 3238 iter
998 3173 1151 3238 incientis
1173 3173 1341 3256 stationes

167 3277 267 3354 atqne
295 3275 337 3340 ad
366 3275 550 3342 concionem
571 3278 703 3354 deornm
725 3275 960 3358 depingendam
983 3274 1047 3344 iam
1070 3275 1245 3340 Homerum
1269 3293 1340 3342 ver-

166 3373 257 3441 sibus
282 3376 453 3458 permultis
474 3383 590 3459 poetae
619 3377 712 3460 quasi
738 3378 825 3461 ipsos
851 3378 974 3444 colores
1001 3378 1035 3442 iu
1065 3396 1180 3444 manus
1206 3377 1341 3446 dedisse.
1394 3393 1398 3404 ’

166 3476 239 3544 Nisi
260 3483 336 3544 sunt
358 3479 460 3564 igitur
483 3479 618 3564 originis
641 3481 767 3548 alienae
789 3481 922 3565 iudicia,
951 3499 1015 3546 nou
1037 3486 1113 3546 sunt
1135 3479 1341 3562 disiungeudi

165 3579 201 3645 hi
222 3598 345 3648 versus.
381 3581 479 3648 Cuius
497 3582 546 3650 rei
560 3583 681 3650 iudicia
696 3601 827 3666 prorsus
841 3578 966 3650 desunt.
1003 3581 1180 3648 Exordium
1195 3582 1341 3648 debitum

166 3681 271 3750 locum
300 3701 391 3750 snum
421 3684 455 3750 in
484 3685 645 3766 prooemio
675 3685 795 3769 Pythio
825 3675 946 3752 habere
975 3683 1099 3750 indicat
1131 3683 1272 3749 imitatio
1305 3683 1340 3748 in

166 3791 262 3866 parte
283 3787 396 3870 hymni
418 3793 564 3854 extrema
586 3791 647 3855 514
663 3808 728 3869 seq.

295 3922 361 4003 βάν
383 3922 413 4008 ῥ’
433 3923 520 4008 ἴμεν·
545 3917 623 4011 ἦρχε
647 3924 676 3990 ‹l'
692 3923 756 4010 ἄρα
780 3943 860 4008 σοιν
882 3923 966 4004 ἄναξ
981 3923 1060 3999 Διὸς
1082 3921 1155 3998 οἷὸς
1169 3920 1339 3988 Ἀπόλλων

296 4023 500 4112 φόρμιγγ’
523 4025 559 4092 ἓν
581 4029 744 4112 χείρεσσιν
766 4026 860 4112 ἔχων,
884 4025 1005 4111 ἐρατὸν
1028 4026 1286 4109 κιθαρίζων,

294 4127 402 4194 καλά
424 4131 494 4194 καὶ
518 4124 593 4214 {iqua
615 4129 759 4210 βιβάς·

165 4265 254 4331 locus
276 4265 395 4344 quiex
418 4267 542 4331 182-ss

295 4397 358 4468 εἶσι
382 4403 416 4466 de
440 4405 613 4488 φορμίζων
636 4407 766 4490 Λητοῦς
788 4403 956 4491 ἐρικυδέος
978 4401 1073 4486 υἱὸς

296 4501 502 4591 odoacare
524 4509 692 4597 είενννίε
