3344 5194
784 1488 890 1572 Caput
910 1488 936 1558 1.

367 1635 428 1704 De
454 1635 620 1715 Hymno
647 1633 691 1701 in
717 1633 955 1716 Apollinem
981 1619 1145 1702 Delium
1171 1633 1372 1703 breviore.

359 1798 481 1864 Versus
499 1799 609 1880 1-18,
633 1815 710 1877 quos
732 1798 865 1864 brevem
885 1796 919 1862 in
938 1796 1121 1880 Apollinem
1136 1796 1265 1864 Delium
1280 1797 1448 1879 Hymuum

273 1899 452 1983 nominavi,
484 1899 631 1980 quamvis
660 1898 815 1965 indivisos
845 1903 880 1964 et
908 1897 1144 1965 commoditatis
1166 1917 1263 1966 causa
1285 1899 1388 1981 primo
1410 1899 1447 1966 in

273 2003 342 2068 loco
372 2005 523 2084 tractem,
552 2019 616 2067 nou
644 2001 767 2068 habeut
796 2020 904 2067 omnes
933 2007 1085 2067 naturam
1115 2019 1211 2066 unam
1240 2005 1275 2066 et
1301 2004 1446 2069 eandem.

276 2106 377 2171 Immo
406 2122 484 2170 vero
514 2104 596 2168 duae
619 2107 751 2168 exstant
772 2108 896 2188 partes,
925 2104 1032 2170 altera
1056 2106 1159 2170 1-13
1181 2121 1307 2187 versus,
1337 2104 1447 2170 altera

277 2209 401 2286 14-18
424 2204 603 2289 continere,
626 2224 704 2286 quos
726 2205 861 2288 originis
882 2205 1072 2274 recentioris
1096 2223 1165 2272 esse
1186 2225 1285 2288 supra
1307 2206 1448 2274 memini.

275 2310 330 2376 Ita
352 2314 461 2375 tamen
483 2313 560 2390 apte
578 2327 648 2374 cum
664 2307 801 2389 antiqua
815 2308 977 2374 recentior
991 2325 1068 2392 pars
1083 2308 1243 2392 convenit,
1264 2313 1302 2376 ut
1317 2327 1450 2376 carmen

276 2412 441 2494 integrum
468 2409 633 2476 exstiterit
654 2429 718 2477 nou
739 2410 879 2476 fortasse
901 2409 1068 2494 iudignum
1092 2413 1176 2492 quod
1197 2429 1312 2478 nomen
1333 2411 1449 2494 hymni

277 2513 372 2579 ierat.

361 2615 401 2680 In
416 2615 687 2699 versibus1—13,
702 2616 799 2682 claris
814 2615 987 2682 luculentis
1002 2615 1127 2698 epicum
1142 2616 1223 2682 satis
1238 2615 1449 2701 spirantibus

278 2717 360 2784 nihil
393 2718 479 2783 inest
508 2720 592 2798 quod
620 2719 792 2800 prehibeat
821 2717 898 2798 quin
928 2718 1093 2784 exordium
1123 2717 1264 2786 cuiusvis
1293 2718 1449 2800 prooemii

279 2819 424 2900 efficiant
446 2839 506 2902 quo
524 2821 638 2903 Apollo
661 2820 844 2887 arcitenens
859 2821 987 2888 Latona
1009 2825 1106 2887 natus
1128 2821 1278 2888 laudibus
1297 2821 1448 2903 tollatur3

209 2957 210 2962 =
280 2941 320 2988 ne
342 2922 428 2989 inest
449 2922 576 3004 quidem
598 2925 682 3004 quod
703 2923 762 2989 hos
778 2940 891 2990 versus
906 2923 994 2989 Delii
1008 2923 1158 2990 laudibus
1174 2923 1316 3006 aptiores
1331 2926 1450 2991 reddat

280 3044 376 3106 quam
397 3025 511 3109 Pythii
533 3025 593 3092 dei.
1024 3027 1027 3036 '

365 3127 522 3194 Continuo
558 3131 631 3210 post
667 3146 719 3194 vv.
736 3122 840 3194 1-13
876 3127 1022 3208 sequitur
1055 3127 1212 3212 clausula,
1248 3145 1266 3194 e
1298 3129 1449 3212 versibus

210 3217 213 3226 ’
281 3231 418 3295 14-18
459 3235 625 3314 constans,
666 3248 800 3310 quorum
841 3248 921 3296 vera
960 3234 1081 3295 natura
1121 3230 1236 3296 mirum
1277 3235 1327 3297 est
1363 3234 1449 3312 quod

278 3336 346 3398 tam
382 3331 438 3398 diu
473 3337 524 3397 tot
559 3332 813 3415 investigatores
848 3331 956 3398 latuit.
1012 3333 1099 3398 Illud
1131 3347 1223 3417 χαῖρε
1255 3331 1389 3418 μάκαιρ’
1418 3325 1449 3399 ὦ

279 3438 384 3520 Λητοῖ
415 3434 590 3500 clausulam
620 3453 690 3500 esse
718 3433 877 3500 neminem
906 3433 1021 3517 fugere
1042 3439 1150 3516 potest
1172 3434 1227 3516 qui
1249 3435 1337 3502 vocis
1358 3435 1449 3502 illius

278 3551 371 3622 χαῖρε
410 3537 445 3602 in
480 3535 618 3618 Hymnis
653 3537 833 3603 Homericis
873 3555 965 3602 usum
1006 3536 1170 3620 cognitum
1209 3538 1339 3605 habeat.
1400 3540 1450 3605 At

278 3639 427 3705 Alienius
456 3637 663 3720 Sikesinsqne
696 3658 768 3704 cum
800 3638 978 3705 editoribus
1011 3639 1202 3720 quibusdam
1231 3639 1305 3706 aliis
1334 3658 1450 3708 versus

278 3743 344 3834 hos*
373 3741 514 3822 quinque
551 3759 608 3824 pro
644 3742 792 3808 Latonae
828 3741 1033 3810 inuocatione
1069 3741 1173 3824 lyrica
1209 3743 1340 3809 habent.
1401 3743 1450 3809 Et

279 3843 441 3911 invocatio
484 3862 598 3925 nempe
637 3844 691 3910 hic
726 3843 869 3929 exsistit,
912 3845 968 3909 sed
1003 3863 1206 3925 nequaquam
1242 3843 1450 3912 intercalaris

279 3947 407 4028 qualem
435 3945 500 4014 viri
529 3945 616 4012 docti
644 3951 776 4028 ponunt.
818 3947 900 4011 Nam
930 3946 1007 4027 quid
1029 3951 1079 4012 est
1101 3948 1198 4032 quod,
1228 3947 1279 4012 his
1300 3946 1450 4036 versibus

280 4048 431 4115 carminis
453 4067 576 4114 summa
598 4049 786 4133 anticipata,
808 4049 920 4115 statim
942 4055 1038 4131 poeta
1063 4049 1216 4133 “Qualem
1236 4054 1278 4134 te,
1299 4050 1451 4132 oApollo

280 4151 436 4217 canami'’
477 4152 658 4218 exclamet?
720 4151 845 4216 Errant
881 4171 1006 4233 quoque
1041 4152 1106 4220 viri
1142 4152 1229 4217 docti
1266 4152 1451 4240 (Kieselius,

280 4253 555 4337 Schneidewinus,
587 4253 758 4338 PriamiuS,
788 4254 949 4338 Abelius),
983 4254 1037 4336 qui
1066 4256 1124 4320 hos
1153 4274 1266 4321 versus
1295 4256 1451 4338 hymnum

279 4357 459 4440 perlectum
480 4358 636 4438 praebere
655 4357 866 4422 arbitrentur.
903 4357 1085 4440 Wagnerus
1101 4361 1214 4424 contra
1228 4357 1322 4424 initio
1337 4358 1453 4440 hymni

279 4459 367 4527 inter
400 4477 512 4528 versus
545 4461 564 4527 2
597 4463 631 4527 et
660 4461 679 4528 3
710 4457 889 4528 insererere
919 4459 1059 4530 volebat.
1113 4459 1215 4532 Mirus
1244 4478 1323 4532 seue
1351 4477 1452 4531 error.
