3344 5194
288 453 344 521 .1o

299 625 408 709 potins
431 627 601 692 Φ17-18
631 625 713 711 δόρυ
741 626 802 712 μὲν
831 628 926 692 λίπεν
949 623 1054 692 uuicos>
1076 623 1127 692 ἐπ’
1151 622 1279 711 ὄχθηι
1302 625 1307 712 Ι
1330 629 1478 692 κεκλι-

299 729 429 815 μένον
450 731 640 814 μορίκηιοιν
661 728 751 813 αεαε)
774 728 916 812 scripsit,
942 728 1143 810 praeclaram
1165 731 1275 794 autern
1297 727 1478 812 imaginem

300 831 453 897 fluctuum
476 830 638 912 utrimque
659 830 798 897 insulam
820 830 1018 913 pulsantium
1040 831 1132 896 homo
1152 829 1331 896 imbecillus
1350 830 1476 912 omisit3

300 952 375 1000 ecce
403 938 519 1015 aperta
548 932 691 1016 vestigia
719 933 919 1000 imitationis,
973 933 1083 1000 Verba
1113 931 1286 1018 ἀγχοτάτω
1317 935 1476 1016 φοίνικος

182 1072 184 1077 ·
300 1040 449 1118 apertum
479 1041 529 1101 est
558 1054 598 1100 ex
629 1037 689 1100 117
721 1034 805 1121 ἀμφὶ
836 1037 871 1101 δὲ
901 1037 1030 1118 φοίνικι
1059 1034 1140 1115 βάλε
1168 1034 1269 1122 πήχεε
1291 1034 1476 1119 defluxisse,

300 1137 391 1204 cuius
420 1155 533 1206 Versus
562 1139 742 1220 exemplum
771 1142 822 1204 est
851 1139 926 1222 ρ38
956 1136 1041 1222 α’μφὶ
1072 1138 1106 1202 δὲ
1132 1138 1229 1203 παιδὶ
1258 1139 1361 1220 φιλοιι
1389 1137 1496 1217 βάλε,

300 1240 400 1327 πήχεε
424 1240 624 1324 δακρύσασα.
663 1241 784 1306 Versus
799 1242 839 1305 26
862 1244 1008 1312 extrema
1029 1258 1106 1322 pars
1128 1249 1271 1326 κραναήι
1293 1239 1342 1306 ἐνὶ
1364 1239 1475 1326 νήσοιι

302 1347 335 1408 ει
368 1360 480 1409 versus
510 1346 549 1409 27
584 1342 713 1408 initium
746 1342 859 1429 Δήλοιι
891 1342 927 1409 ἐν
961 1341 1144 1428 ἀμφιρύτην
1176 1341 1262 1408 ιοεοε
1295 1342 1474 1409 homericos

301 1443 459 1528 referunt,
481 1444 539 1510 illc
562 1443 708 1528 F4451)
731 1443 837 1531 νήσοιι
861 1443 890 1510 δ’
913 1443 949 1510 ἐν’
972 1448 1137 1530 liparam,
1166 1444 1269 1511 verba
1291 1444 1475 1512 Alexandri

301 1548 341 1612 de
369 1545 472 1628 primo
502 1565 572 1612 cum
595 1547 723 1612 Helena
750 1547 922 1613 concubitu
944 1545 1096 1630 dicentis,
1125 1547 1185 1612 hoc
1207 1571 1228 1610 ο
1244 1548 1285 1612 50
1307 1546 1412 1633 νήοιοι
1435 1547 1474 1614 ἐν

302 1646 496 1733 ἀμφιρύτην,
522 1648 579 1713 ubi
601 1647 708 1714 Ulixis
730 1649 815 1729 apud
838 1649 1049 1731 Calypsonem
1072 1648 1330 1714 commorationis
1351 1650 1474 1716 mentio

301 1749 346 1815 fit.
390 1748 480 1833 Quae
507 1749 688 1815 homericae
717 1749 890 1816 memoriae
919 1749 954 1814 in
983 1749 1093 1816 verbis
1121 1759 1265 1836 κραναῆι
1287 1750 1337 1817 ἐνὶ
1359 1750 1475 1838 Δήλοιι

301 1851 547 1938 coniunguntur.
591 1853 758 1918 Postremo
780 1851 858 1932 quid
879 1871 931 1920 vv.
945 1853 1112 1918 117-119
1134 1851 1277 1935 legitur?

403 2004 488 2092 ἀμφὶ
512 2007 546 2071 δὲ
570 2008 699 2089 φοίνικι
721 2005 802 2086 βάλε
823 2006 932 2093 πήχεε,
956 2015 1061 2092 γοῦνα
1085 2005 1114 2072 δ’
1130 2005 1233 2092 ἔρεισε

404 2114 541 2194 λειμῶνι
562 2114 732 2194 μαλακῶι·
755 2110 888 2195 μείδησε
912 2110 946 2174 δὲ
969 2107 1035 2194 γαῖ’
1050 2108 1252 2193 ὑπένερθεν·

402 2210 439 2276 ἐκ
462 2209 491 2276 δ’
508 2210 606 2296 ἔθορε
628 2210 696 2296 πρὸ
720 2210 863 2294 φόωσδε,
885 2212 962 2276 θεαὶ
987 2209 1016 2276 δ’
1033 2209 1199 2291 ὀλόλυξαν
1222 2206 1357 2277 ἅπασαι.

302 2383 366 2448 Hic
395 2383 532 2448 alteram
562 2384 601 2448 de
630 2382 847 2469 parturitione
873 2382 1018 2449 fabulam
1044 2383 1176 2448 subesse
1197 2383 1356 2449 neminem
1378 2382 1475 2467 fugit.

301 2486 373 2551 Non
405 2489 595 2551 montaneus
629 2490 679 2550 est
707 2486 808 2570 locus,
841 2488 898 2552 sed
927 2486 1022 2551 molle
1051 2491 1181 2568 pratum
1211 2485 1244 2550 in
1274 2505 1335 2567 quo
1364 2487 1475 2568 palma

301 2588 408 2672 floret,
430 2589 515 2653 unde
536 2587 675 2654 forsitan
698 2587 850 2671 colligere
872 2588 974 2670 possis
996 2590 1082 2654 hunc
1103 2592 1230 2670 poetam
1253 2588 1360 2655 dicere
1382 2589 1474 2657 volu-

302 2690 366 2755 isse
392 2691 486 2755 deam
514 2692 556 2756 ad
584 2691 775 2774 τροχοειδέα
805 2693 924 2776 λίμνην
946 2690 1122 2774 peperisse,
1151 2692 1257 2756 lacum
1279 2689 1313 2756 in
1335 2690 1475 2774 planitie

303 2791 401 2858 situm
423 2811 505 2872 quae
528 2811 548 2858 a
570 2793 697 2875 Cyntho
719 2798 828 2858 monte
851 2795 892 2859 ad
915 2793 1152 2876 septentriones
1175 2798 1208 2858 ει
1230 2793 1307 2859 solis
1326 2813 1475 2860 occasum
1541 2853 1549 2866 .

302 2894 420 2978 vergit.
475 2895 559 2960 Nam
587 2894 656 2962 illic
684 2895 792 2977 palma
821 2895 880 2961 illa
909 2896 1015 2978 floret,
1049 2896 1236 2980 Theognide
1262 2901 1351 2963 certe
1379 2901 1475 2981 teste,

305 2996 360 3079 qui
383 2999 481 3078 5scq.
503 2998 561 3063 hos
583 2997 669 3080 ipsos
691 3016 804 3066 versus
827 2997 974 3064 imitatus
997 3003 1058 3064 est:

407 3155 509 3232 Φοῖβε
532 3149 625 3232 ἄναξ,
650 3147 705 3218 ὅτε
726 3153 786 3237 μέν
809 3157 844 3218 σε
866 3151 930 3217 θεὰ
952 3153 1034 3231 τέκε,
1057 3152 1180 3219 πότνια
1203 3153 1303 3239 Λητώ
1326 3160 1396 3220 κτλ.

303 3324 371 3388 Νεο
399 3322 515 3404 supina
544 3322 630 3388 iacet
658 3322 808 3403 paritura
834 3324 890 3388 sed
912 3323 1052 3404 palmam
1075 3324 1225 3405 amplexa
1246 3325 1383 3407 genibus
1405 3326 1473 3392 solo

303 3425 434 3509 nititur,
470 3445 529 3490 nco
566 3426 635 3490 sola
667 3430 717 3490 est
749 3425 889 3509 Latona,
926 3427 982 3490 sed
1014 3444 1122 3491 omnes
1155 3432 1285 3508 praeter
1317 3428 1473 3493 Iunonem

303 3527 502 3610 parturienti
528 3528 646 3592 adsunt
668 3529 759 3611 deae,
790 3533 824 3592 ει
846 3532 974 3593 tantum
996 3529 1037 3594 ab
1061 3518 1104 3594 eo'
1120 3533 1170 3594 est
1192 3533 1229 3594 ut
1251 3529 1357 3596 insula
1378 3529 1473 3596 littus

303 3635 433 3696 tantum
465 3630 621 3712 praebeat
654 3629 862 3713 inhospitum,
899 3636 936 3696 ut
969 3637 1058 3696 terra
1091 3630 1162 3713 ipsa
1195 3630 1304 3696 ridens
1330 3635 1367 3697 'se
1394 3651 1473 3698 auro

304 3736 465 3814 contegat.
523 3731 639 3811 ltaque
672 3731 878 3797 manifestum
912 3738 961 3798 εει
993 3731 1141 3799 versibus
1175 3734 1313 3812 16-18,
1350 3732 1405 3798 ubi
1439 3738 1474 3798 et

304 3833 432 3916 palmae
464 3837 498 3898 et
530 3831 670 3898 fluminis
703 3834 899 3898 submonte
928 3834 1051 3918 ripacl)
1081 3835 1201 3900 mentio
1231 3833 1280 3918 fit,
1313 3834 1474 3901 clementa

305 3936 442 4002 aliorum
464 3937 598 4001 duorum
619 3935 760 4001 locorum
783 3935 950 4001 contineri.
1031 3947 1034 3954 '

391 4193 412 4260 ¹)
434 4191 531 4246 Verbis
553 4199 675 4261 κραναῆι
697 4187 738 4245 ἐνὶ
761 4183 847 4260 νήσωι
871 4195 978 4260 poetam
1001 4206 1094 4245 versus
1111 4191 1138 4244 Γ
1151 4191 1202 4247 445
1225 4191 1393 4246 recordatum
1417 4209 1475 4248 csse

304 4275 460 4332 testimonio
479 4280 520 4330 est
537 4277 647 4330 initium
665 4279 733 4334 ιιι)
752 4264 768 4347 ἦ
787 4271 824 4341 ὥς
842 4296 871 4332 οε
889 4283 1008 4347 πρῶτον,
1027 4277 1096 4345 quod
1114 4281 1142 4330 et
1159 4276 1247 4345 ipsum
1265 4292 1298 4331 ex
1315 4278 1401 4334 I⁷443
1414 4273 1473 4333 οὐιιο

306 4356 352 4417 ὅτε
370 4380 399 4417 οε
418 4366 529 4432 πρῶτον
547 4362 690 4416 defluxisse
708 4363 823 4417 videtur.

390 4450 411 4516 ²)
431 4439 519 4516 ὄχθος
537 4449 608 4515 apud
625 4448 771 4501 Homerum
788 4463 841 4500 non
859 4446 1006 4514 invenitur,
1024 4447 1071 4501 sed
1090 4441 1163 4516 ὄχθη
1180 4463 1283 4515 semper
1295 4451 1344 4502 aut
1355 4447 1475 4504 fluminis

304 4533 425 4588 iussaene
443 4532 529 4603 ripam
547 4537 596 4587 aut
611 4533 632 4601 (ι
646 4534 695 4588 132
710 4525 776 4598 ἁλὰς
788 4535 901 4587 πολιοῖο
914 4525 977 4603 παρ’
992 4524 1475 4604 ὄχθοις)11ιοεωειιηιιοιειςείιοει,
