<?xml version="1.0" encoding="UTF-8"?>
<!DOCTYPE html PUBLIC "-//W3C//DTD XHTML 1.0 Transitional//EN"
    "http://www.w3.org/TR/xhtml1/DTD/xhtml1-transitional.dtd">
<html xmlns="http://www.w3.org/1999/xhtml" xml:lang="en" lang="en">
 <head>
  <title>
</title>
<meta http-equiv="Content-Type" content="text/html;charset=utf-8" />
  <meta name='ocr-system' content='tesseract 3.04.00' />
  <meta name='ocr-capabilities' content='ocr_page ocr_carea ocr_par ocr_line ocrx_word'/>
</head>
<body>
  <div class='ocr_page' id='page_1' title='image "./dehymnoinapolli00chamgoog_0012.png"; bbox 0 0 3344 5194; ppageno 0'>
   <div class='ocr_carea' id='block_1_1' title="bbox 206 1582 1374 1705">
    <p class='ocr_par' dir='ltr' id='par_1_1' title="bbox 206 1582 1374 1705">
     <span class='ocr_line' id='line_1_1' title="bbox 206 1582 1374 1705; baseline -0.003 -23"><span class='ocrx_word' id='word_1_1' title='bbox 206 1587 267 1683; x_wconf 88' lang='lat' dir='ltr'>De</span> <span class='ocrx_word' id='word_1_2' title='bbox 312 1585 472 1705; x_wconf 86' lang='lat' dir='ltr'>hymni</span> <span class='ocrx_word' id='word_1_3' title='bbox 512 1584 840 1704; x_wconf 79' lang='lat' dir='ltr'>compositione</span> <span class='ocrx_word' id='word_1_4' title='bbox 881 1583 1099 1680; x_wconf 87' lang='lat' dir='ltr'>universa</span> <span class='ocrx_word' id='word_1_5' title='bbox 1137 1582 1374 1702; x_wconf 86' lang='lat' dir='ltr'>praefatio.</span> 
     </span>
    </p>
   </div>
   <div class='ocr_carea' id='block_1_2' title="bbox 741 1811 842 1818">
    <p class='ocr_par' dir='ltr' id='par_1_2' title="bbox 741 1811 842 1818">
     <span class='ocr_line' id='line_1_2' title="bbox 741 1811 842 1818; baseline 0 0"><span class='ocrx_word' id='word_1_6' title='bbox 741 1811 842 1818; x_wconf 43' lang='grc' dir='ltr'>-ὴ-</span> 
     </span>
    </p>
   </div>
   <div class='ocr_carea' id='block_1_3' title="bbox 293 1961 1480 2045">
    <p class='ocr_par' dir='ltr' id='par_1_3' title="bbox 293 1961 1480 2045">
     <span class='ocr_line' id='line_1_3' title="bbox 293 1961 1480 2045; baseline 0.002 -19"><span class='ocrx_word' id='word_1_7' title='bbox 293 1962 455 2029; x_wconf 88' lang='grc' dir='ltr'>Ρ11111111</span> <span class='ocrx_word' id='word_1_8' title='bbox 491 1962 573 2045; x_wconf 88' lang='lat' dir='ltr'>epici</span> <span class='ocrx_word' id='word_1_9' title='bbox 611 1966 695 2044; x_wconf 89' lang='lat' dir='ltr'>quod</span> <span class='ocrx_word' id='word_1_10' title='bbox 728 1964 876 2045; x_wconf 86' lang='lat' dir='ltr'><strong>Hymnus</strong></span> <span class='ocrx_word' id='word_1_11' title='bbox 908 1962 942 2028; x_wconf 93' lang='lat' dir='ltr'>in</span> <span class='ocrx_word' id='word_1_12' title='bbox 976 1962 1158 2044; x_wconf 84' lang='lat' dir='ltr'>Apollinem</span> <span class='ocrx_word' id='word_1_13' title='bbox 1191 1961 1381 2028; x_wconf 88' lang='lat' dir='ltr'>Homericus</span> <span class='ocrx_word' id='word_1_14' title='bbox 1476 1983 1480 1994; x_wconf 89' lang='lat'><strong>·</strong></span> 
     </span>
    </p>
   </div>
   <div class='ocr_carea' id='block_1_4' title="bbox 203 2056 1419 2864">
    <p class='ocr_par' dir='ltr' id='par_1_4' title="bbox 203 2056 1419 2864">
     <span class='ocr_line' id='line_1_4' title="bbox 208 2056 1408 2148; baseline -0.001 -19"><span class='ocrx_word' id='word_1_15' title='bbox 208 2069 345 2130; x_wconf 90' lang='lat' dir='ltr'>vocatur</span> <span class='ocrx_word' id='word_1_16' title='bbox 378 2065 564 2146; x_wconf 87' lang='lat' dir='ltr'>compositio</span> <span class='ocrx_word' id='word_1_17' title='bbox 597 2070 665 2130; x_wconf 90' lang='lat' dir='ltr'>tam</span> <span class='ocrx_word' id='word_1_18' title='bbox 696 2067 833 2131; x_wconf 86' lang='lat' dir='ltr'>obscure</span> <span class='ocrx_word' id='word_1_19' title='bbox 862 2070 925 2148; x_wconf 87' lang='lat' dir='ltr'>est,</span> <span class='ocrx_word' id='word_1_20' title='bbox 957 2070 995 2130; x_wconf 95' lang='lat' dir='ltr'>ut</span> <span class='ocrx_word' id='word_1_21' title='bbox 1025 2064 1186 2131; x_wconf 92' lang='lat' dir='ltr'>hominum</span> <span class='ocrx_word' id='word_1_22' title='bbox 1216 2056 1408 2131; x_wconf 93' lang='lat' dir='ltr'>doctorum</span> 
     </span>
     <span class='ocr_line' id='line_1_5' title="bbox 208 2166 1382 2252; baseline -0.001 -21"><span class='ocrx_word' id='word_1_23' title='bbox 208 2166 417 2248; x_wconf 91' lang='lat' dir='ltr'>plurimorum</span> <span class='ocrx_word' id='word_1_24' title='bbox 440 2187 546 2252; x_wconf 84' lang='lat' dir='ltr'>opera,</span> <span class='ocrx_word' id='word_1_25' title='bbox 568 2167 619 2232; x_wconf 90' lang='lat' dir='ltr'>his</span> <span class='ocrx_word' id='word_1_26' title='bbox 642 2168 813 2250; x_wconf 85' lang='lat' dir='ltr'>praecipue</span> <span class='ocrx_word' id='word_1_27' title='bbox 836 2169 960 2234; x_wconf 89' lang='lat' dir='ltr'>duobus</span> <span class='ocrx_word' id='word_1_28' title='bbox 982 2166 1119 2233; x_wconf 85' lang='lat' dir='ltr'>saeculis</span> <span class='ocrx_word' id='word_1_29' title='bbox 1140 2166 1175 2232; x_wconf 89' lang='lat' dir='ltr'>in</span> <span class='ocrx_word' id='word_1_30' title='bbox 1191 2166 1382 2233; x_wconf 84' lang='lat' dir='ltr'>excutiendo</span> 
     </span>
     <span class='ocr_line' id='line_1_6' title="bbox 209 2269 1384 2370; baseline 0.001 -37"><span class='ocrx_word' id='word_1_31' title='bbox 209 2272 454 2350; x_wconf 88' lang='lat' dir='ltr'>enarrandoque</span> <span class='ocrx_word' id='word_1_32' title='bbox 490 2270 610 2370; x_wconf 86' lang='lat' dir='ltr'>posita,</span> <span class='ocrx_word' id='word_1_33' title='bbox 651 2269 809 2335; x_wconf 87' lang='lat' dir='ltr'>nihildum</span> <span class='ocrx_word' id='word_1_34' title='bbox 847 2269 929 2335; x_wconf 88' lang='lat' dir='ltr'>certi</span> <span class='ocrx_word' id='word_1_35' title='bbox 965 2269 1096 2335; x_wconf 90' lang='lat' dir='ltr'>eruerit.</span> <span class='ocrx_word' id='word_1_36' title='bbox 1153 2269 1297 2352; x_wconf 81' lang='lat' dir='ltr'>Longius</span> <span class='ocrx_word' id='word_1_37' title='bbox 1333 2274 1384 2335; x_wconf 86' lang='lat' dir='ltr'>est</span> 
     </span>
     <span class='ocr_line' id='line_1_7' title="bbox 210 2370 1383 2454; baseline 0.001 -19"><span class='ocrx_word' id='word_1_38' title='bbox 210 2371 390 2436; x_wconf 82' lang='lat' dir='ltr'>sententias</span> <span class='ocrx_word' id='word_1_39' title='bbox 413 2371 555 2437; x_wconf 84' lang='lat' dir='ltr'>virorum</span> <span class='ocrx_word' id='word_1_40' title='bbox 578 2374 745 2437; x_wconf 87' lang='lat' dir='ltr'>doctorum</span> <span class='ocrx_word' id='word_1_41' title='bbox 765 2371 914 2438; x_wconf 86' lang='lat' dir='ltr'>diversas</span> <span class='ocrx_word' id='word_1_42' title='bbox 936 2371 989 2436; x_wconf 92' lang='lat' dir='ltr'>hic</span> <span class='ocrx_word' id='word_1_43' title='bbox 1011 2375 1169 2454; x_wconf 85' lang='lat' dir='ltr'>tractare,</span> <span class='ocrx_word' id='word_1_44' title='bbox 1191 2370 1383 2453; x_wconf 87' lang='lat' dir='ltr'>praesertim</span> 
     </span>
     <span class='ocr_line' id='line_1_8' title="bbox 211 2473 1419 2557; baseline 0 -19"><span class='ocrx_word' id='word_1_45' title='bbox 211 2491 281 2538; x_wconf 89' lang='lat' dir='ltr'>eum</span> <span class='ocrx_word' id='word_1_46' title='bbox 311 2473 441 2540; x_wconf 87' lang='lat' dir='ltr'>nomina</span> <span class='ocrx_word' id='word_1_47' title='bbox 470 2493 580 2539; x_wconf 88' lang='lat' dir='ltr'>eorum</span> <span class='ocrx_word' id='word_1_48' title='bbox 609 2478 641 2540; x_wconf 86' lang='lat' dir='ltr'>et</span> <span class='ocrx_word' id='word_1_49' title='bbox 673 2474 985 2557; x_wconf 86' lang='lat' dir='ltr'>argumentationes,</span> <span class='ocrx_word' id='word_1_50' title='bbox 1015 2473 1157 2556; x_wconf 89' lang='lat' dir='ltr'>priorum</span> <span class='ocrx_word' id='word_1_51' title='bbox 1187 2475 1272 2555; x_wconf 90' lang='lat' dir='ltr'>apud</span> <span class='ocrx_word' id='word_1_52' title='bbox 1298 2473 1383 2538; x_wconf 85' lang='lat' dir='ltr'>Bau-</span> <span class='ocrx_word' id='word_1_53' title='bbox 1417 2494 1419 2500; x_wconf 49' lang='lat'><strong>¹</strong></span> 
     </span>
     <span class='ocr_line' id='line_1_9' title="bbox 203 2574 1385 2659; baseline 0 -19"><span class='ocrx_word' id='word_1_54' title='bbox 203 2574 410 2659; x_wconf 71' lang='lat' dir='ltr'>mentorum,</span> <span class='ocrx_word' id='word_1_55' title='bbox 437 2575 653 2642; x_wconf 79' lang='lat' dir='ltr'>recentiorum</span> <span class='ocrx_word' id='word_1_56' title='bbox 676 2575 731 2656; x_wconf 92' lang='lat' dir='ltr'>qui</span> <span class='ocrx_word' id='word_1_57' title='bbox 753 2581 826 2658; x_wconf 88' lang='lat' dir='ltr'>post</span> <span class='ocrx_word' id='word_1_58' title='bbox 848 2575 1107 2642; x_wconf 83' lang='lat' dir='ltr'>Boumeisterum</span> <span class='ocrx_word' id='word_1_59' title='bbox 1129 2576 1328 2657; x_wconf 86' lang='lat' dir='ltr'>scripserunt</span> <span class='ocrx_word' id='word_1_60' title='bbox 1350 2574 1385 2640; x_wconf 91' lang='lat' dir='ltr'>in</span> 
     </span>
     <span class='ocr_line' id='line_1_10' title="bbox 213 2677 1386 2763; baseline 0.001 -21"><span class='ocrx_word' id='word_1_61' title='bbox 213 2677 457 2744; x_wconf 86' lang='lat' dir='ltr'>novissimorum</span> <span class='ocrx_word' id='word_1_62' title='bbox 480 2679 639 2744; x_wconf 89' lang='lat' dir='ltr'>editorum</span> <span class='ocrx_word' id='word_1_63' title='bbox 662 2679 919 2760; x_wconf 83' lang='lat' dir='ltr'>praefationibus</span> <span class='ocrx_word' id='word_1_64' title='bbox 941 2681 1044 2744; x_wconf 90' lang='lat' dir='ltr'>lector</span> <span class='ocrx_word' id='word_1_65' title='bbox 1062 2677 1214 2763; x_wconf 85' lang='lat' dir='ltr'>reperiat,</span> <span class='ocrx_word' id='word_1_66' title='bbox 1236 2678 1386 2758; x_wconf 79' lang='lat' dir='ltr'>equibus</span> 
     </span>
     <span class='ocr_line' id='line_1_11' title="bbox 213 2779 1386 2864; baseline 0.001 -20"><span class='ocrx_word' id='word_1_67' title='bbox 213 2779 370 2862; x_wconf 89' lang='lat' dir='ltr'>imprimis</span> <span class='ocrx_word' id='word_1_68' title='bbox 400 2780 587 2846; x_wconf 83' lang='lat' dir='ltr'>nominandi</span> <span class='ocrx_word' id='word_1_69' title='bbox 616 2785 692 2848; x_wconf 89' lang='lat' dir='ltr'>sunt</span> <span class='ocrx_word' id='word_1_70' title='bbox 722 2779 898 2848; x_wconf 86' lang='lat' dir='ltr'>Gemollius</span> <span class='ocrx_word' id='word_1_71' title='bbox 928 2787 962 2847; x_wconf 90' lang='lat' dir='ltr'>et</span> <span class='ocrx_word' id='word_1_72' title='bbox 991 2781 1139 2846; x_wconf 88' lang='lat' dir='ltr'>Allenius</span> <span class='ocrx_word' id='word_1_73' title='bbox 1168 2781 1386 2864; x_wconf 85' lang='lat' dir='ltr'>Sikesiusque,</span> 
     </span>
    </p>
   </div>
   <div class='ocr_carea' id='block_1_5' title="bbox 214 2882 1522 2966">
    <p class='ocr_par' dir='ltr' id='par_1_5' title="bbox 214 2882 1522 2966">
     <span class='ocr_line' id='line_1_12' title="bbox 214 2882 1522 2966; baseline -0.001 -19"><span class='ocrx_word' id='word_1_74' title='bbox 214 2902 274 2965; x_wconf 86' lang='lat' dir='ltr'>par</span> <span class='ocrx_word' id='word_1_75' title='bbox 296 2882 535 2948; x_wconf 87' lang='lat' dir='ltr'>Britannorum.</span> <span class='ocrx_word' id='word_1_76' title='bbox 579 2883 651 2966; x_wconf 88' lang='lat' dir='ltr'>Ego</span> <span class='ocrx_word' id='word_1_77' title='bbox 674 2888 711 2949; x_wconf 92' lang='lat' dir='ltr'>nt</span> <span class='ocrx_word' id='word_1_78' title='bbox 732 2883 801 2949; x_wconf 88' lang='grc'>1111</span> <span class='ocrx_word' id='word_1_79' title='bbox 824 2901 940 2966; x_wconf 89' lang='lat' dir='ltr'>omnes,</span> <span class='ocrx_word' id='word_1_80' title='bbox 962 2888 997 2948; x_wconf 90' lang='lat' dir='ltr'>et</span> <span class='ocrx_word' id='word_1_81' title='bbox 1011 2883 1060 2948; x_wconf 91' lang='lat' dir='ltr'>illi</span> <span class='ocrx_word' id='word_1_82' title='bbox 1075 2883 1171 2966; x_wconf 87' lang='lat' dir='ltr'>longe</span> <span class='ocrx_word' id='word_1_83' title='bbox 1186 2882 1387 2966; x_wconf 82' lang='lat' dir='ltr'>eruditiores,</span> <span class='ocrx_word' id='word_1_84' title='bbox 1518 2947 1522 2955; x_wconf 79' lang='grc'><strong>,</strong></span> 
     </span>
    </p>
   </div>
   <div class='ocr_carea' id='block_1_6' title="bbox 214 2984 1392 4604">
    <p class='ocr_par' dir='ltr' id='par_1_6' title="bbox 214 2984 1386 3170">
     <span class='ocr_line' id='line_1_13' title="bbox 214 2984 1386 3070; baseline 0 -20"><span class='ocrx_word' id='word_1_85' title='bbox 214 2987 295 3050; x_wconf 91' lang='grc'>1111</span> <span class='ocrx_word' id='word_1_86' title='bbox 316 2985 444 3052; x_wconf 80' lang='lat' dir='ltr'>Donido</span> <span class='ocrx_word' id='word_1_87' title='bbox 466 2985 671 3070; x_wconf 89' lang='lat' dir='ltr'>Ruhnkenio,</span> <span class='ocrx_word' id='word_1_88' title='bbox 701 2985 833 3069; x_wconf 87' lang='lat' dir='ltr'>egregio</span> <span class='ocrx_word' id='word_1_89' title='bbox 855 2986 911 3052; x_wconf 93' lang='lat' dir='ltr'>illo</span> <span class='ocrx_word' id='word_1_90' title='bbox 933 2987 1071 3069; x_wconf 80' lang='lat' dir='ltr'>Botere,</span> <span class='ocrx_word' id='word_1_91' title='bbox 1101 2985 1230 3051; x_wconf 82' lang='lat' dir='ltr'>mitium</span> <span class='ocrx_word' id='word_1_92' title='bbox 1252 2984 1386 3052; x_wconf 88' lang='lat' dir='ltr'>investi-</span> 
     </span>
     <span class='ocr_line' id='line_1_14' title="bbox 214 3086 470 3170; baseline 0.004 -19"><span class='ocrx_word' id='word_1_93' title='bbox 214 3086 314 3170; x_wconf 88' lang='lat' dir='ltr'>gandi</span> <span class='ocrx_word' id='word_1_94' title='bbox 336 3086 470 3170; x_wconf 83' lang='lat' dir='ltr'>copiam.</span> 
     </span>
    </p>

    <p class='ocr_par' dir='ltr' id='par_1_7' title="bbox 214 3190 1392 4604">
     <span class='ocr_line' id='line_1_15' title="bbox 300 3190 1386 3274; baseline 0.002 -20"><span class='ocrx_word' id='word_1_95' title='bbox 300 3190 384 3255; x_wconf 86' lang='lat' dir='ltr'>Nom</span> <span class='ocrx_word' id='word_1_96' title='bbox 398 3208 439 3255; x_wconf 85' lang='lat' dir='ltr'>ex</span> <span class='ocrx_word' id='word_1_97' title='bbox 454 3209 491 3256; x_wconf 89' lang='lat' dir='ltr'>eo</span> <span class='ocrx_word' id='word_1_98' title='bbox 507 3209 569 3271; x_wconf 91' lang='lat' dir='ltr'>quo</span> <span class='ocrx_word' id='word_1_99' title='bbox 580 3190 796 3256; x_wconf 87' lang='lat' dir='ltr'>Ruhnkenius</span> <span class='ocrx_word' id='word_1_100' title='bbox 808 3191 971 3274; x_wconf 90' lang='lat' dir='ltr'>Hymnum</span> <span class='ocrx_word' id='word_1_101' title='bbox 986 3190 1077 3256; x_wconf 93' lang='lat' dir='ltr'>illum</span> <span class='ocrx_word' id='word_1_102' title='bbox 1092 3195 1166 3272; x_wconf 90' lang='lat' dir='ltr'>post</span> <span class='ocrx_word' id='word_1_103' title='bbox 1180 3209 1309 3258; x_wconf 90' lang='lat' dir='ltr'>versum</span> <span class='ocrx_word' id='word_1_104' title='bbox 1328 3193 1386 3257; x_wconf 83' lang='grc'>178</span> 
     </span>
     <span class='ocr_line' id='line_1_16' title="bbox 215 3292 1387 3377; baseline 0.003 -20"><span class='ocrx_word' id='word_1_105' title='bbox 215 3295 371 3373; x_wconf 88' lang='lat' dir='ltr'>tanquam</span> <span class='ocrx_word' id='word_1_106' title='bbox 400 3292 488 3358; x_wconf 86' lang='lat' dir='ltr'>linea</span> <span class='ocrx_word' id='word_1_107' title='bbox 517 3292 642 3377; x_wconf 88' lang='lat' dir='ltr'>divisit,</span> <span class='ocrx_word' id='word_1_108' title='bbox 672 3293 740 3359; x_wconf 87' lang='grc'>1111</span> <span class='ocrx_word' id='word_1_109' title='bbox 766 3295 874 3360; x_wconf 90' lang='grc'>111111</span> <span class='ocrx_word' id='word_1_110' title='bbox 896 3293 961 3359; x_wconf 84' lang='lat' dir='ltr'>init</span> <span class='ocrx_word' id='word_1_111' title='bbox 982 3294 1034 3360; x_wconf 89' lang='lat' dir='ltr'>vir</span> <span class='ocrx_word' id='word_1_112' title='bbox 1056 3295 1169 3359; x_wconf 89' lang='lat' dir='ltr'>doctus</span> <span class='ocrx_word' id='word_1_113' title='bbox 1191 3293 1246 3374; x_wconf 92' lang='lat' dir='ltr'>qui</span> <span class='ocrx_word' id='word_1_114' title='bbox 1268 3295 1387 3377; x_wconf 89' lang='lat' dir='ltr'>hymno</span> 
     </span>
     <span class='ocr_line' id='line_1_17' title="bbox 216 3394 1387 3477; baseline 0.001 -18"><span class='ocrx_word' id='word_1_115' title='bbox 216 3399 274 3460; x_wconf 89' lang='lat' dir='ltr'>aut</span> <span class='ocrx_word' id='word_1_116' title='bbox 301 3396 362 3460; x_wconf 94' lang='lat' dir='ltr'>duo</span> <span class='ocrx_word' id='word_1_117' title='bbox 385 3400 443 3460; x_wconf 82' lang='lat' dir='ltr'>aut</span> <span class='ocrx_word' id='word_1_118' title='bbox 465 3395 560 3476; x_wconf 89' lang='lat' dir='ltr'>plura</span> <span class='ocrx_word' id='word_1_119' title='bbox 582 3394 728 3460; x_wconf 84' lang='lat' dir='ltr'>carmina</span> <span class='ocrx_word' id='word_1_120' title='bbox 749 3395 909 3460; x_wconf 88' lang='lat' dir='ltr'>contineri</span> <span class='ocrx_word' id='word_1_121' title='bbox 930 3399 1075 3477; x_wconf 85' lang='lat' dir='ltr'>negaret.</span> <span class='ocrx_word' id='word_1_122' title='bbox 1119 3395 1220 3460; x_wconf 93' lang='lat' dir='ltr'>Immo</span> <span class='ocrx_word' id='word_1_123' title='bbox 1243 3395 1387 3477; x_wconf 87' lang='lat' dir='ltr'>plerique</span> 
     </span>
     <span class='ocr_line' id='line_1_18' title="bbox 216 3496 1388 3582; baseline 0 -20"><span class='ocrx_word' id='word_1_124' title='bbox 216 3496 272 3577; x_wconf 87' lang='lat' dir='ltr'>qui</span> <span class='ocrx_word' id='word_1_125' title='bbox 300 3501 374 3578; x_wconf 89' lang='lat' dir='ltr'>post</span> <span class='ocrx_word' id='word_1_126' title='bbox 395 3496 625 3563; x_wconf 90' lang='lat' dir='ltr'>Ruhnkeninm</span> <span class='ocrx_word' id='word_1_127' title='bbox 655 3515 765 3562; x_wconf 90' lang='lat' dir='ltr'>curam</span> <span class='ocrx_word' id='word_1_128' title='bbox 794 3497 828 3563; x_wconf 93' lang='lat' dir='ltr'>in</span> <span class='ocrx_word' id='word_1_129' title='bbox 857 3498 908 3563; x_wconf 92' lang='lat' dir='ltr'>his</span> <span class='ocrx_word' id='word_1_130' title='bbox 936 3498 1065 3580; x_wconf 89' lang='lat' dir='ltr'>hymnis</span> <span class='ocrx_word' id='word_1_131' title='bbox 1092 3496 1223 3562; x_wconf 87' lang='lat' dir='ltr'>edendis</span> <span class='ocrx_word' id='word_1_132' title='bbox 1245 3515 1388 3582; x_wconf 87' lang='lat' dir='ltr'>posuere,</span> 
     </span>
     <span class='ocr_line' id='line_1_19' title="bbox 217 3598 1388 3682; baseline 0.002 -19"><span class='ocrx_word' id='word_1_133' title='bbox 217 3598 304 3664; x_wconf 88' lang='grc'>111111</span> <span class='ocrx_word' id='word_1_134' title='bbox 327 3599 471 3681; x_wconf 85' lang='lat' dir='ltr'>exemplo</span> <span class='ocrx_word' id='word_1_135' title='bbox 494 3599 557 3682; x_wconf 91' lang='lat' dir='ltr'>nsi,</span> <span class='ocrx_word' id='word_1_136' title='bbox 579 3599 667 3682; x_wconf 89' lang='lat' dir='ltr'>typis</span> <span class='ocrx_word' id='word_1_137' title='bbox 690 3602 768 3665; x_wconf 91' lang='lat' dir='ltr'>duos</span> <span class='ocrx_word' id='word_1_138' title='bbox 790 3601 925 3682; x_wconf 86' lang='lat' dir='ltr'>hymnos</span> <span class='ocrx_word' id='word_1_139' title='bbox 947 3599 1082 3665; x_wconf 89' lang='lat' dir='ltr'>totidem</span> <span class='ocrx_word' id='word_1_140' title='bbox 1105 3601 1164 3666; x_wconf 89' lang='lat' dir='ltr'>sub</span> <span class='ocrx_word' id='word_1_141' title='bbox 1187 3599 1293 3664; x_wconf 88' lang='lat' dir='ltr'>titulis</span> <span class='ocrx_word' id='word_1_142' title='bbox 1316 3619 1388 3665; x_wconf 84' lang='lat' dir='ltr'>con-</span> 
     </span>
     <span class='ocr_line' id='line_1_20' title="bbox 217 3700 1389 3786; baseline 0.003 -21"><span class='ocrx_word' id='word_1_143' title='bbox 217 3702 403 3784; x_wconf 88' lang='lat' dir='ltr'>stituerunt,</span> <span class='ocrx_word' id='word_1_144' title='bbox 431 3700 465 3766; x_wconf 91' lang='lat' dir='ltr'>in</span> <span class='ocrx_word' id='word_1_145' title='bbox 488 3702 617 3767; x_wconf 87' lang='lat' dir='ltr'>Delium</span> <span class='ocrx_word' id='word_1_146' title='bbox 640 3703 788 3786; x_wconf 88' lang='lat' dir='ltr'>alterum,</span> <span class='ocrx_word' id='word_1_147' title='bbox 811 3703 950 3768; x_wconf 85' lang='lat' dir='ltr'>alterum</span> <span class='ocrx_word' id='word_1_148' title='bbox 971 3701 1006 3767; x_wconf 93' lang='lat' dir='ltr'>in</span> <span class='ocrx_word' id='word_1_149' title='bbox 1028 3702 1183 3784; x_wconf 91' lang='lat' dir='ltr'>Pythium</span> <span class='ocrx_word' id='word_1_150' title='bbox 1206 3702 1389 3784; x_wconf 90' lang='lat' dir='ltr'>Apollinem</span> 
     </span>
     <span class='ocr_line' id='line_1_21' title="bbox 219 3804 1390 3887; baseline 0.001 -18"><span class='ocrx_word' id='word_1_151' title='bbox 219 3808 384 3887; x_wconf 88' lang='lat' dir='ltr'>vocantes,</span> <span class='ocrx_word' id='word_1_152' title='bbox 413 3822 606 3885; x_wconf 86' lang='lat' dir='ltr'>quamquam</span> <span class='ocrx_word' id='word_1_153' title='bbox 633 3806 757 3870; x_wconf 88' lang='grc'>1111111</span> <span class='ocrx_word' id='word_1_154' title='bbox 779 3824 888 3870; x_wconf 89' lang='lat' dir='ltr'>omnes</span> <span class='ocrx_word' id='word_1_155' title='bbox 909 3807 994 3870; x_wconf 88' lang='lat' dir='ltr'>hano</span> <span class='ocrx_word' id='word_1_156' title='bbox 1015 3804 1205 3872; x_wconf 87' lang='lat' dir='ltr'>divisionem</span> <span class='ocrx_word' id='word_1_157' title='bbox 1228 3804 1390 3887; x_wconf 86' lang='lat' dir='ltr'>ignorant.</span> 
     </span>
     <span class='ocr_line' id='line_1_22' title="bbox 218 3906 1390 3992; baseline 0.002 -22"><span class='ocrx_word' id='word_1_158' title='bbox 218 3907 265 3970; x_wconf 89' lang='lat' dir='ltr'>At</span> <span class='ocrx_word' id='word_1_159' title='bbox 293 3906 321 3971; x_wconf 90' lang='lat' dir='ltr'>si</span> <span class='ocrx_word' id='word_1_160' title='bbox 351 3907 422 3987; x_wconf 89' lang='lat' dir='ltr'>quis</span> <span class='ocrx_word' id='word_1_161' title='bbox 451 3907 505 3973; x_wconf 91' lang='lat' dir='ltr'>vel</span> <span class='ocrx_word' id='word_1_162' title='bbox 536 3906 641 3972; x_wconf 91' lang='lat' dir='ltr'>obiter</span> <span class='ocrx_word' id='word_1_163' title='bbox 663 3909 724 3974; x_wconf 90' lang='lat' dir='ltr'>hoo</span> <span class='ocrx_word' id='word_1_164' title='bbox 745 3926 859 3990; x_wconf 86' lang='lat' dir='ltr'>poema</span> <span class='ocrx_word' id='word_1_165' title='bbox 880 3907 1069 3992; x_wconf 85' lang='lat' dir='ltr'>perlegerit,</span> <span class='ocrx_word' id='word_1_166' title='bbox 1098 3925 1162 3974; x_wconf 93' lang='lat' dir='ltr'>non</span> <span class='ocrx_word' id='word_1_167' title='bbox 1183 3908 1305 3990; x_wconf 90' lang='lat' dir='ltr'>poterit</span> <span class='ocrx_word' id='word_1_168' title='bbox 1326 3925 1390 3972; x_wconf 94' lang='lat' dir='ltr'>non</span> 
     </span>
     <span class='ocr_line' id='line_1_23' title="bbox 218 4008 1390 4091; baseline 0.003 -19"><span class='ocrx_word' id='word_1_169' title='bbox 218 4008 365 4074; x_wconf 88' lang='lat' dir='ltr'>confiteri</span> <span class='ocrx_word' id='word_1_170' title='bbox 387 4008 617 4074; x_wconf 84' lang='lat' dir='ltr'>Ruhnkenium</span> <span class='ocrx_word' id='word_1_171' title='bbox 640 4010 727 4076; x_wconf 89' lang='lat' dir='ltr'>haud</span> <span class='ocrx_word' id='word_1_172' title='bbox 747 4010 867 4076; x_wconf 86' lang='lat' dir='ltr'>iniuria</span> <span class='ocrx_word' id='word_1_173' title='bbox 882 4010 1084 4076; x_wconf 83' lang='lat' dir='ltr'>disiunxisse.</span> <span class='ocrx_word' id='word_1_174' title='bbox 1128 4011 1211 4076; x_wconf 90' lang='lat' dir='ltr'>Nam</span> <span class='ocrx_word' id='word_1_175' title='bbox 1226 4010 1250 4076; x_wconf 94' lang='lat' dir='ltr'>ii</span> <span class='ocrx_word' id='word_1_176' title='bbox 1265 4028 1390 4091; x_wconf 86' lang='lat' dir='ltr'>quoque</span> 
     </span>
     <span class='ocr_line' id='line_1_24' title="bbox 219 4109 1391 4196; baseline 0.003 -22"><span class='ocrx_word' id='word_1_177' title='bbox 219 4109 359 4176; x_wconf 86' lang='lat' dir='ltr'>editores</span> <span class='ocrx_word' id='word_1_178' title='bbox 392 4112 460 4196; x_wconf 88' lang='lat' dir='ltr'>qui,</span> <span class='ocrx_word' id='word_1_179' title='bbox 493 4112 647 4178; x_wconf 88' lang='lat' dir='ltr'>memoria</span> <span class='ocrx_word' id='word_1_180' title='bbox 680 4113 822 4178; x_wconf 89' lang='lat' dir='ltr'>codicum</span> <span class='ocrx_word' id='word_1_181' title='bbox 853 4119 1000 4196; x_wconf 87' lang='lat' dir='ltr'>servata,</span> <span class='ocrx_word' id='word_1_182' title='bbox 1034 4117 1144 4178; x_wconf 85' lang='lat' dir='ltr'>textus</span> <span class='ocrx_word' id='word_1_183' title='bbox 1173 4113 1391 4179; x_wconf 88' lang='lat' dir='ltr'>condicionem</span> 
     </span>
     <span class='ocr_line' id='line_1_25' title="bbox 219 4212 1391 4299; baseline 0.003 -23"><span class='ocrx_word' id='word_1_184' title='bbox 219 4212 386 4292; x_wconf 86' lang='lat' dir='ltr'>antiquam</span> <span class='ocrx_word' id='word_1_185' title='bbox 408 4219 562 4295; x_wconf 88' lang='lat' dir='ltr'>repetunt</span> <span class='ocrx_word' id='word_1_186' title='bbox 584 4214 791 4299; x_wconf 84' lang='lat' dir='ltr'>(Gemollium</span> <span class='ocrx_word' id='word_1_187' title='bbox 813 4220 847 4280; x_wconf 91' lang='lat' dir='ltr'>et</span> <span class='ocrx_word' id='word_1_188' title='bbox 866 4215 1029 4280; x_wconf 83' lang='lat' dir='ltr'>Alleninm</span> <span class='ocrx_word' id='word_1_189' title='bbox 1052 4214 1276 4296; x_wconf 86' lang='lat' dir='ltr'>Sikesiumque</span> <span class='ocrx_word' id='word_1_190' title='bbox 1297 4215 1391 4299; x_wconf 85' lang='lat' dir='ltr'>dico),</span> 
     </span>
     <span class='ocr_line' id='line_1_26' title="bbox 219 4317 1392 4401; baseline 0.003 -23"><span class='ocrx_word' id='word_1_191' title='bbox 219 4333 282 4378; x_wconf 91' lang='lat' dir='ltr'>non</span> <span class='ocrx_word' id='word_1_192' title='bbox 311 4318 403 4382; x_wconf 93' lang='lat' dir='ltr'>modo</span> <span class='ocrx_word' id='word_1_193' title='bbox 433 4322 547 4382; x_wconf 85' lang='lat' dir='ltr'>contra</span> <span class='ocrx_word' id='word_1_194' title='bbox 569 4317 757 4382; x_wconf 87' lang='lat' dir='ltr'>Ruhnkenii</span> <span class='ocrx_word' id='word_1_195' title='bbox 787 4317 1002 4400; x_wconf 81' lang='lat' dir='ltr'>sagacitatem</span> <span class='ocrx_word' id='word_1_196' title='bbox 1032 4336 1095 4382; x_wconf 89' lang='lat' dir='ltr'>non</span> <span class='ocrx_word' id='word_1_197' title='bbox 1125 4317 1306 4401; x_wconf 85' lang='lat' dir='ltr'>disputant,</span> <span class='ocrx_word' id='word_1_198' title='bbox 1335 4320 1392 4382; x_wconf 90' lang='grc'>111</span> 
     </span>
     <span class='ocr_line' id='line_1_27' title="bbox 214 4416 1392 4503; baseline 0.004 -23"><span class='ocrx_word' id='word_1_199' title='bbox 214 4416 310 4498; x_wconf 88' lang='lat' dir='ltr'>nulla</span> <span class='ocrx_word' id='word_1_200' title='bbox 338 4417 404 4482; x_wconf 86' lang='lat' dir='ltr'>alia</span> <span class='ocrx_word' id='word_1_201' title='bbox 432 4437 531 4484; x_wconf 85' lang='lat' dir='ltr'>causa</span> <span class='ocrx_word' id='word_1_202' title='bbox 553 4438 625 4484; x_wconf 88' lang='lat' dir='ltr'>enm</span> <span class='ocrx_word' id='word_1_203' title='bbox 647 4420 738 4501; x_wconf 90' lang='lat' dir='ltr'>sequi</span> <span class='ocrx_word' id='word_1_204' title='bbox 760 4419 926 4503; x_wconf 91' lang='lat' dir='ltr'>dubitant,</span> <span class='ocrx_word' id='word_1_205' title='bbox 955 4438 1051 4500; x_wconf 89' lang='lat' dir='ltr'>quam</span> <span class='ocrx_word' id='word_1_206' title='bbox 1073 4421 1157 4500; x_wconf 92' lang='lat' dir='ltr'>quod</span> <span class='ocrx_word' id='word_1_207' title='bbox 1179 4421 1327 4485; x_wconf 86' lang='lat' dir='ltr'>nesciunt</span> <span class='ocrx_word' id='word_1_208' title='bbox 1349 4439 1392 4485; x_wconf 91' lang='lat' dir='ltr'>au</span> 
     </span>
     <span class='ocr_line' id='line_1_28' title="bbox 219 4519 674 4604; baseline 0.011 -21"><span class='ocrx_word' id='word_1_209' title='bbox 219 4537 333 4601; x_wconf 85' lang='lat' dir='ltr'>parum</span> <span class='ocrx_word' id='word_1_210' title='bbox 354 4519 451 4604; x_wconf 88' lang='lat' dir='ltr'>longe</span> <span class='ocrx_word' id='word_1_211' title='bbox 473 4522 674 4603; x_wconf 86' lang='lat' dir='ltr'>processerit.</span> 
     </span>
    </p>
   </div>
   <div class='ocr_carea' id='block_1_7' title="bbox 0 0 1701 5194">
    <p class='ocr_par' dir='ltr' id='par_1_8' title="bbox 0 0 1701 5194">
     <span class='ocr_line' id='line_1_29' title="bbox 0 0 1701 5194; baseline 0 0"><span class='ocrx_word' id='word_1_212' title='bbox 0 0 1701 5194; x_wconf 95' lang='lat' dir='ltr'> </span> 
     </span>
    </p>
   </div>
  </div>
 </body>
</html>
