3344 5194
1236 399 1390 497 Ιιι

223 573 373 638 ornatam
394 570 526 656 referat,
547 571 652 638 locum
674 590 738 639 non
760 590 829 638 esse
851 572 938 638 ultro
961 575 1106 654 apparot.
1149 571 1242 658 Quod
1263 571 1396 638 nonita

222 674 365 758 intelligi
397 675 494 742 velim
527 675 619 756 quasi
649 676 709 742 hoc
738 675 956 758 fragmentum
985 695 1098 758 parum
1131 680 1296 744 vetustum
1325 693 1395 742 essa

223 776 373 844 arbitrer.
417 777 517 843 Immo
539 795 617 846 vero
632 777 684 844 his
702 777 737 844 in
752 778 900 848 versibus
915 777 1021 860 mythi
1035 777 1139 844 forma
1158 777 1263 844 minus
1278 782 1395 857 oruata

223 885 375 963 apparet,
398 880 542 964 ideoque,
564 879 627 946 nisi
649 879 759 963 fallor,
781 879 954 964 antiquior,
976 881 1033 946 sed
1055 899 1138 960 quae
1160 880 1222 946 huc
1244 879 1395 962 primitus

222 1000 286 1048 non
307 980 479 1064 pertineat
523 981 640 1062 Itaque
662 982 715 1048 bic
737 982 868 1065 iterum,
890 987 927 1048 ut
949 982 1013 1048 iam
1036 982 1070 1048 in
1092 981 1296 1064 praefatione
1318 981 1394 1064 dixi,

223 1085 443 1168 compendium
465 1084 621 1150 habemus
643 1084 697 1152 vel
713 1084 894 1168 epitomem,
917 1103 1000 1165 quae
1022 1103 1079 1150 suo
1101 1084 1136 1150 in
1157 1085 1234 1168 loco,
1257 1083 1394 1150 historia

221 1185 255 1252 in
271 1185 403 1280 brevius
422 1189 598 1268 contracta,
621 1185 849 1252 transitionem
865 1187 1018 1252 effecerat
1034 1191 1067 1252 et
1081 1185 1135 1252 hic
1149 1185 1252 1252 scrius
1268 1187 1394 1252 demum

221 1287 346 1354 inserta
367 1293 425 1354 est.
473 1287 652 1372 Quaerenti
678 1287 735 1354 ubi
756 1288 916 1369 poematis
941 1289 1026 1354 istuc
1059 1287 1280 1369 compendium
1302 1305 1393 1352 suum

220 1389 385 1472 proprium
415 1389 519 1456 locum
548 1389 714 1474 habuerit,
747 1388 924 1454 similitudo
957 1394 1036 1455 anta
1050 1415 1052 1420 ·
1068 1389 1175 1454 oculos
1207 1388 1314 1471 posita
1343 1393 1394 1454 est

221 1509 330 1558 eornm
360 1510 524 1576 versuum,
553 1490 609 1572 qui
637 1490 712 1557 inde
741 1511 761 1558 a
787 1510 817 1558 n.
833 1493 895 1558 207
926 1492 1174 1574 subsequuntur.
1216 1490 1393 1562 Recitabat
1440 1535 1442 1540 -

220 1592 323 1677 igitur
344 1594 523 1676 rhapsodns

264 1749 325 1814 207
369 1756 442 1822 πῶς
465 1745 494 1812 τ’
517 1744 560 1831 ἄρ
584 1745 612 1812 o'
635 1744 772 1833 ὑμνήσω
793 1745 930 1822 πάντας
953 1745 1097 1832 εὔυμνον
1119 1745 1218 1813 ἐόντα
1226 1773 1238 1824 ,·

284 1852 325 1916 25
369 1841 390 1936 ἦ
413 1843 460 1925 ὥς
483 1867 518 1915 σε
539 1858 678 1934 πρῶτον
700 1847 801 1935 Λητώ
823 1850 897 1914 τέκε
918 1848 1027 1934 χάρμα
1050 1854 1209 1933 βροτοῖσι,

260 2004 262 2010 ,
368 1957 544 2018 κλινθεῖσα
566 1949 651 2036 πρὸς
674 1951 814 2017 Κύνθου
838 1949 916 2036 ὄρος
938 1960 1082 2038 κραναῆι
1104 1951 1153 2017 ἐνὶ
1175 1950 1282 2037 νήσωι

369 2053 482 2140 Δήλοοι
503 2053 540 2119 ἐν
563 2051 762 2139 ἄμφιρύτηι·
786 2051 945 2138 ἑκάτερθε
969 2055 1003 2118 δὲ
1026 2063 1114 2140 κῦμα
1136 2054 1292 2120 κέλαινον
1353 2099 1356 2115 .

368 2154 469 2242 capa
490 2155 647 2240 χέρσονδε
670 2157 875 2240 λιγυπνοίοις
898 2153 1088 2240 α’νέμοισιν;

262 2261 325 2326 208
370 2257 409 2344 ἠέ
431 2255 460 2324 o'
483 2257 532 2324 ἐνὶ
554 2266 751 2344 μνηστῆισιν
774 2254 875 2322 ἀείδω
898 2259 954 2322 καὶ
977 2257 1134 2344 φιλότητι

369 2354 487 2436 ὅππως
508 2358 702 2445 μνωόμενος
724 2357 808 2434 ἔκιες
830 2357 999 2442 Ἀζαντίδα
1021 2358 1149 2446 κούρην

362 2459 458 2548 Ἴσχυ’
481 2456 536 2548 ἅμ’
558 2459 728 2540 ἀντιθέσει,
752 2458 973 2547 Ἐλατιονίδηι
996 2459 1160 2540 sallanem

217 2617 296 2704 (vid.
318 2637 347 2700 p.
365 2617 427 2702 11).

218 2795 220 2800 ,
301 2721 348 2786 At
377 2739 441 2786 non
471 2718 577 2802 potuit
608 2717 690 2784 illud
719 2717 818 2784 ἔνθεν
849 2717 1078 2804 ἀπορνύμενος
1109 2739 1240 2802 prorsus
1266 2720 1301 2786 in
1322 2739 1389 2786 sus-

217 2842 315 2907 penso
342 2821 490 2904 relinqui.
542 2821 714 2904 Epitomae
743 2821 846 2887 verba
875 2840 946 2886 eam
976 2827 1102 2904 partem
1131 2822 1286 2904 prooemii
1315 2823 1389 2889 olim

218 2925 397 2994 obtinuisse
420 2927 523 3008 credo,
546 2942 629 3005 quoe
650 2925 825 3004 respondet
847 2925 888 2988 ad
909 2933 983 3000 πῶς
1004 2923 1033 2989 τ’
1050 2922 1091 3009 ἄρ
1115 2923 1144 2990 τ’
1159 2917 1297 3011 ὑμνήσω
1319 2932 1389 2992 κτλ.

217 3030 251 3094 id
273 3033 332 3111 est,
354 3026 602 3111 descriptionem
624 3027 677 3092 vel
700 3031 789 3091 certe
811 3025 1005 3091 mentionem
1020 3027 1096 3092 Deli
1116 3027 1242 3094 insulae
1261 3029 1391 3110 natalis,

218 3136 255 3197 ut
274 3129 408 3220 ¹indicat
437 3134 471 3194 et
499 3129 579 3194 illud
611 3127 719 3194 ἔνθεν.
764 3129 929 3194 Lacunam
958 3133 1032 3210 post
1061 3133 1101 3196 29
1131 3149 1152 3195 a
1178 3129 1294 3196 Wolfio
1324 3134 1390 3196 sta-

218 3239 323 3300 tutam
346 3233 453 3315 probo.
497 3231 666 3298 Excidisse
688 3230 769 3296 mihi
790 3230 944 3298 videntur
966 3231 1090 3313 aliquot
1112 3249 1237 3316 versus,
1267 3237 1304 3299 nt
1326 3231 1390 3298 iam

217 3335 365 3419 Wolfina
387 3336 606 3418 HermonnuS,
627 3333 891 3400 Schneidewinus
913 3338 1125 3418 putaverunt,
1155 3333 1271 3416 quibus
1293 3339 1390 3418 poeta

217 3437 305 3506 Iovis
332 3456 400 3503 cum
425 3437 554 3503 Latona
577 3435 780 3502 concubitum
788 3435 813 3521 1)
836 3436 999 3501 cecinerat
1021 3436 1218 3517 Iunoniaque
1239 3436 1389 3520 invidias

218 3559 301 3622 quae
337 3557 455 3605 causae
490 3539 637 3604 Latonae
674 3542 768 3603 erant
805 3537 945 3604 errandi.
1002 3539 1140 3604 Errores
1176 3559 1228 3606 vv.
1255 3541 1389 3604 30-45

217 3647 402 3709 narrantur.
907 3638 909 3641 ’

302 3744 366 3810 Hic
388 3761 448 3826 ego
466 3741 591 3811 invitus
606 3761 626 3808 a
641 3747 851 3825 praeceptore
865 3760 934 3807 meo
949 3742 1209 3824 praeclarissimo
1225 3743 1389 3810 dissentio.

217 3849 380 3916 Robertus
402 3846 488 3911 enim
509 3846 659 3910 lacunam
681 3849 755 3927 post
776 3847 817 3910 30
840 3849 985 3910 statuere
1007 3846 1080 3912 vult
1101 3850 1150 3930 ut,
1177 3846 1325 3913 versibus
1347 3850 1388 3915 29
1465 3921 1469 3930 ,

218 3957 252 4016 et
274 3952 315 4016 30
334 3956 424 4015 arcte
446 3946 626 4014 coniunctis
970 3951 972 3956 '

303 4209 324 4274 ¹)
341 4203 381 4258 uf.
400 4202 559 4258 Callimachi
576 4202 617 4258 [Π
634 4203 772 4270 Hymnum
788 4201 818 4256 in
835 4201 950 4256 Dianam
970 4203 1019 4258 137
1031 4217 1097 4280 seq.v

756 4300 837 4370 με’λσι
856 4300 885 4356 δέ
902 4321 953 4370 μοι
971 4300 1031 4358 αἰὲν
1050 4297 1140 4372 ἀοιδὴ,

421 4394 465 4458 τῆι
483 4387 524 4445 ε’νλ
542 4408 594 4457 μεν
610 4391 721 4460 Λητοῦς
738 4381 829 4458 γάμος
846 4381 965 4455 insecat,
980 4385 1011 4444 ἐν
1028 4388 1057 4448 δὲ
1075 4383 1109 4447 οὐ
1127 4383 1225 4462 πολλή,

419 4472 450 4539 ἐν
468 4475 497 4539 δὲ
514 4478 564 4539 καλ
579 4469 719 4537 Ἀπόλλων
736 4477 796 4535 κτλ,
