3344 5194
186 629 222 704 in
243 629 392 706 versibus
415 630 584 722 sti-31)
607 625 710 703 denno
732 653 767 702 se
789 625 930 702 offerunt
950 627 1013 702 hae
1034 627 1149 700 forma:

1105 769 1238 856 ἔμελλεν

316 875 464 962 οἰκήσειν
492 881 697 943 πολλοῖσι
725 875 951 960 τετιμένος
982 870 1302 956 ἀνθρώποισιν·

317 980 399 1060 δεῖξε
425 977 454 1044 d'
477 977 569 1065 ἄγων
592 977 718 1045 ἄδντον
740 977 865 1062 ζάθεον
886 979 943 1044 καὶ
971 979 1102 1042 πίονα
1134 974 1247 1060 νηόν.

188 1150 252 1217 Sed
274 1149 395 1230 alioqui
413 1148 625 1232 repetitiones
639 1167 791 1216 versuum
806 1147 1014 1232 singulorum,
1036 1146 1152 1229 quibus
1167 1144 1362 1228 prooemium

187 1251 344 1336 Pythium
366 1255 538 1336 tantopere
560 1251 715 1334 abundat,
737 1269 800 1318 non
822 1249 1042 1318 inveniuntur.

273 1353 395 1422 Versus
425 1353 553 1434 quidem
583 1355 759 1420 503-523
789 1352 970 1420 sententias
999 1356 1033 1418 et
1061 1351 1131 1418 iere
1157 1350 1245 1432 ipsas
1266 1368 1362 1417 voees

188 1475 339 1526 versuum
374 1457 635 1524 antecedentium
668 1457 854 1540 lsi-492,
891 1457 962 1538 497,
997 1456 1072 1538 499,
1109 1455 1184 1537 500,
1217 1455 1277 1518 501
1312 1471 1362 1518 re-

188 1559 311 1642 ferunt,
333 1561 389 1624 sed
412 1559 461 1625 ita
482 1565 520 1625 nt
542 1559 575 1625 id
597 1559 666 1625 iere
689 1555 857 1625 eonsilium
879 1562 994 1640 poetae
1016 1556 1117 1623 inisse
1138 1556 1303 1640 videatur,
1325 1559 1363 1621 nt

188 1681 285 1744 quam
314 1659 461 1744 plurimis
489 1660 636 1727 formulis
662 1661 774 1744 paneis
796 1659 945 1728 versibus
968 1658 1205 1742 comprehensis
1227 1660 1362 1733 eandem

187 1781 256 1830 rem
285 1763 422 1845 primum
451 1763 571 1830 iussam
600 1769 669 1829 tum
699 1767 838 1848 gestam,
867 1763 978 1828 verbis
1007 1763 1099 1828 modo
1129 1761 1244 1827 iisdem
1269 1762 1361 1826 modo

187 1865 400 1950 homonymis,
429 1865 599 1948 exprimat.
643 1867 688 1932 Et
717 1884 831 1933 versus
858 1871 909 1932 tot
938 1869 972 1931 et
1000 1869 1097 1931 tanta
1126 1883 1169 1930 ex
1194 1863 1308 1929 Iliadis
1331 1864 1362 1928 Α

187 1967 278 2035 furta
299 1967 464 2051 exhibent,
485 1973 523 2034 nt
538 1967 727 2035 Hinriehins
749 1973 853 2035 totum
876 1969 979 2034 locum
1001 1987 1059 2050 pro
1082 1967 1227 2049 exemplo
1246 1971 1363 2049 poetae

187 2069 302 2136 Iliadis
323 2069 484 2138 habuerit.

273 2173 350 2240 Cum
384 2172 487 2256 igitur
515 2173 668 2256 prooemii
698 2173 898 2240 imitationes
926 2172 1014 2240 Delii
1043 2173 1110 2239 sint
1138 2172 1260 2255 nullae,
1293 2176 1362 2237 tres

190 2281 278 2341 certe
307 2275 393 2342 locos
426 2275 505 2342 milri
545 2275 709 2344 invenisse
749 2276 863 2344 videor
901 2275 936 2342 in
969 2275 1086 2358 quibus
1117 2281 1220 2366 poeta
1248 2291 1361 2342 versus

189 2377 310 2460 Pythio
331 2377 492 2461 prooemio
515 2379 699 2462 desumptos
721 2379 901 2462 usurpavit.
945 2377 1028 2445 Nam
1050 2396 1179 2446 versum
1201 2380 1264 2444 250

317 2528 399 2618 ἠμὲν
422 2525 496 2598 ὅσοι
518 2531 829 2618 Πελοπόννησον
850 2534 1009 2618 πίειραν
1032 2529 1165 2616 ἔχουσιν

188 2683 338 2752 imitetur
360 2704 390 2754 v.
404 2687 467 2752 432

317 2833 393 2906 ὅστε
417 2841 487 2906 διὲκ
510 2839 820 2927 Πελοπόννησον
841 2842 1000 2926 πίειραν
1023 2839 1134 2928 ἐέργει,

189 2997 226 3058 ut
249 2993 348 3060 etiam
370 3014 400 3062 v.
415 2997 479 3061 430

316 3129 390 3196 ἀλλ’
406 3125 461 3198 ὅτε
485 3131 525 3220 δὴ
548 3132 812 3220 Πελοπόννησον
833 3131 1051 3219 παρενίοοετο
1073 3142 1186 3202 πᾶσαν

187 3284 309 3368 legitur
332 3285 595 3372 Πελοπόννησον
617 3290 729 3354 eadem
750 3287 785 3354 in
807 3289 895 3370 sede;
917 3290 1002 3370 quod
1023 3307 1138 3355 nomen
1161 3290 1204 3355 ab
1219 3289 1359 3355 Homero
1426 3279 1427 3284 ’
1545 3359 1549 3369 ,

187 3387 328 3454 alienum
351 3407 421 3454 esse
443 3407 534 3455 nemo
558 3395 607 3456 est
630 3391 686 3470 qui
707 3391 844 3473 ignoret.
888 3392 989 3457 Porro
1012 3411 1141 3460 versum
1164 3394 1227 3458 490
1242 3411 1282 3458 ex
1297 3394 1359 3457 384

187 3493 327 3572 pendere
349 3493 457 3573 ered03
479 3511 553 3557 narn
576 3511 617 3558 ne
639 3495 695 3558 καί
715 3492 831 3578 βωμὸν
845 3492 1054 3580 ποιήσασθαι
1069 3494 1197 3576 quidem
1212 3493 1359 3561 Homeri-

187 3610 259 3658 eum
281 3598 340 3660 est.

271 3696 339 3761 Nee
354 3713 443 3762 mera
458 3696 641 3764 imitatione
657 3701 835 3782 contentus,
859 3698 1067 3784 contaminat,
1089 3697 1124 3765 ni
1138 3699 1244 3784 fallor,
1263 3705 1361 3782 poeta

186 3797 252 3863 alio
274 3797 308 3863 in
330 3799 399 3864 loeo
421 3817 479 3864 sex
501 3817 614 3866 versus
636 3799 753 3882 prioris
773 3801 934 3884 prooemii.
978 3801 1141 3868 Videlicet
1156 3821 1197 3868 ex
1211 3803 1359 3869 versibus

230 3937 354 4001 lea-3
399 3932 462 4001 ιίοι
485 3937 519 4002 δὲ
543 3940 717 4023 φορμίζων
739 3942 871 4024 Λητοῦς
893 3941 1061 4024 ἐρικυδέος
1082 3938 1155 4015 υίὸς

400 4038 608 4126 νόονιιιι
629 4046 798 4128 ιίανυοῆι

270 4278 292 4346 ¹)
309 4277 367 4332 Iam
385 4294 410 4332 v.
420 4278 523 4335 sse-3

767 4342 828 4403 ἀλλ’
846 4342 950 4405 ἐνθάδε
966 4350 1052 4404 πίονα
1071 4344 1141 4419 νηὸν

439 4425 507 4496 ἕξετ’
525 4426 596 4500 ἐμὸν
612 4438 700 4487 πᾶσιν
716 4427 795 4502 μάλα
813 4436 908 4503 τίμιον
927 4428 1122 4507 ἀνθρώποισιν

184 4533 296 4589 eandem
314 4534 479 4591 sententiam
496 4535 588 4607 paullo
606 4537 720 4592 variatis
737 4539 826 4593 verbis
844 4539 964 4610 repetiit.
