3344 5194
307 407 460 492 34*

352 585 476 650 let—5
521 578 671 668 ἄμβροτα
694 574 798 668 ελματ’
814 574 899 667 ἔχων
920 577 1128 666 τεθυωμένα·
1150 590 1223 646 τοῖο
1241 575 1276 644 δε
1292 571 1479 663 φόρμιγξ

505 677 508 684 ’
520 685 661 770 χρυσέου
683 682 751 750 ὑπὸ
773 683 946 770 πλήκτρου
969 682 1118 769 καναχὴν
1141 681 1205 767 ἔχει
1228 680 1423 768 ἱμερόεσσαν

350 808 477 872 201-2
520 803 686 887 onigona·
711 803 818 888 αὐτὰρ
842 801 860 870 ὁ
885 808 1009 884 Φοῖβος
1024 801 1193 869 Ἁπόλλων
1208 801 1481 888 ἐγκιθαρίζει

521 906 628 972 καλὰ
651 909 722 972 καὶ
744 900 822 992 ὕψι
844 905 969 986 deddc

308 1079 344 1144 hi
365 1077 442 1146 novi
464 1093 578 1144 uersus
599 1079 778 1142 nascuntur
800 1077 926 1142 tlt-o

568 1205 647 1299 ἦρχε
670 1211 699 1278 6⁰
722 1209 787 1298 ἄρα
811 1231 891 1295 σφιν
914 1209 998 1292 ἄναξ
1020 1210 1099 1286 Διὸς
1120 1209 1194 1286 υἱὸς
1215 1210 1393 1290 Ἀπόλλων,

439 1313 622 1401 φόρμιγγ’
645 1315 681 1381 ἐν
702 1317 866 1400 χείρεσσιν
889 1311 974 1398 ἔχων
997 1312 1117 1398 ἐρατὸν
1139 1316 1373 1399 κιθαρίζων,

439 1418 537 1485 καλὰ
564 1419 629 1483 καὶ
656 1412 727 1502 ὕψι
754 1415 878 1497 deddc.

312 1575 359 1641 Et
379 1574 445 1640 iam
467 1591 566 1654 supra
588 1571 674 1657 (pag.
690 1571 744 1655 24)
761 1571 900 1638 vidimus
916 1569 1036 1636 eisdem
1050 1569 1182 1652 Pythici
1198 1569 1320 1652 Hymni
1335 1570 1483 1638 versibus

312 1677 411 1743 etiam
434 1679 563 1767 poetam
586 1673 706 1756 Hymni
727 1673 860 1738 XXVII
881 1672 915 1736 in
938 1672 1077 1738 Dianam
1100 1691 1192 1737 usum
1214 1691 1291 1738 esse.

398 1779 490 1862 Quod
519 1781 628 1842 autem
657 1781 694 1842 ut
723 1775 792 1840 illic
822 1777 861 1840 de
884 1774 1065 1858 Telphusii,
1094 1774 1143 1840 ita
1173 1775 1227 1840 hic
1255 1777 1295 1841 de
1317 1773 1484 1858 Delphinii

314 1881 517 1967 ἐπικλήσεως
546 1878 671 1962 origine
698 1879 822 1962 agitur,
851 1878 884 1943 id
907 1879 949 1944 ad
971 1896 1167 1944 communem
1188 1877 1358 1958 utriusque
1380 1877 1485 1960 partis

314 1983 472 2067 originem
504 1983 703 2064 probandam
737 1979 865 2046 minime
898 1979 995 2046 valet.
1050 1981 1133 2045 Nam
1166 1986 1199 2045 et
1232 1981 1422 2063 hymnorum
1451 1980 1485 2046 in

314 2087 474 2152 Venerem
507 2083 598 2169 (198)
628 2087 662 2148 et
691 2085 815 2148 Panem
846 2082 915 2166 (47)
945 2082 1109 2166 rhapsodi‚
1143 2102 1184 2148 ne
1213 2085 1253 2148 de
1282 2083 1421 2148 Homero
1453 2088 1487 2148 et

315 2188 455 2253 Hesiodo
478 2187 592 2270 dicam,
614 2185 765 2251 similiter
783 2184 988 2268 etymologiis
1003 2187 1156 2268 gaudent.
1200 2185 1246 2250 Et
1260 2185 1357 2253 valde
1371 2186 1487 2250 mirum

316 2295 402 2356 esset
424 2291 559 2356 eundern
581 2289 784 2370 rhapsodum,
807 2307 879 2353 cum
901 2289 940 2353 de
962 2288 1082 2369 templo
1103 2289 1266 2353 condendo
1286 2293 1409 2372 ageret,
1431 2305 1489 2352 sex

315 2393 464 2460 versibus
486 2391 572 2458 omni
592 2395 710 2456 ornatu
729 2388 823 2456 nudis
838 2408 906 2455 rem
920 2389 1102 2474 perfecisse,
1125 2409 1196 2455 cum
1212 2391 1251 2455 de
1266 2388 1489 2456 sacerdotibus

315 2493 518 2577 inducendis,
559 2499 655 2558 tanta
695 2491 788 2575 copia
828 2491 985 2558 orationis
1026 2491 1221 2575 ἐπιφανείας
1262 2496 1296 2558 et
1332 2492 1489 2557 miracula

317 2595 478 2679 Apollinis
500 2596 670 2661 Cretenses
693 2601 727 2660 et
748 2594 895 2660 Crisaeos
917 2594 1132 2676 perterrentis
1155 2613 1315 2660 enarasse.

401 2699 539 2764 Accedit
567 2699 651 2778 quod
681 2697 786 2779 partis
812 2703 1007 2782 postremae,
1037 2716 1132 2778 quarn
1156 2697 1272 2762 dehinc
1294 2697 1490 2778 prooemium

248 2787 250 2794 ⁴
317 2801 527 2884 Delphinium
555 2801 691 2885 vocabo,
721 2805 946 2883 argumentum
968 2817 1099 2881 prorsus
1122 2801 1164 2865 ab
1187 2799 1256 2864 eius
1279 2799 1410 2864 consilio
1433 2801 1489 2865 ab·

317 2905 430 2970 horret
459 2903 514 2984 qui
541 2905 580 2968 de
607 2903 727 2984 templo
750 2904 913 2968 condendo
936 2901 1016 2985 egit3
1047 2902 1196 2968 versibus
1218 2904 1395 2967 214-215
1418 2920 1489 2966 con-

273 3049 276 3054 ·
319 3005 427 3072 silium
449 3007 531 3072 illud
552 3004 757 3071 enuntiatum
780 3010 841 3070 est:
864 3002 1011 3090 ὑμνήσω,
1034 3003 1149 3089 inquit,
1271 3011 1273 3014 ’

625 3155 672 3234 ως
693 3156 733 3223 τὸ
755 3165 893 3242 πρῶτον
914 3157 1116 3243 χρηστήριον
1139 3155 1374 3243 α’νθροόποισιν

425 3259 597 3346 ’ζητεύων
619 3257 704 3326 κατὰ
727 3274 826 3346 γαῖαν
849 3258 934 3346 ἔβης,
959 3258 1134 3344 ἑκατηβόλ’
1153 3258 1325 3340 Ἄπολλον,

320 3435 405 3515 quod
436 3433 636 3516 propositum
668 3431 816 3499 versibus
852 3433 1039 3524 λου-304,
1069 3434 1244 3513 355-387
1279 3433 1491 3515 perpetravit.
1587 3470 1589 3474 ·

320 3537 410 3604 Neve
440 3537 511 3616 quis
540 3537 630 3601 dicat
659 3538 769 3601 eodem
798 3539 867 3601 iure
897 3535 996 3600 ctiam
1023 3553 1131 3600 omnes
1153 3534 1227 3600 illos
1249 3537 1289 3600 de
1312 3535 1492 3616 Telphussa

320 3658 434 3707 versus
456 3644 611 3719 tanquam
631 3657 695 3703 non
710 3639 752 3702 ad
766 3637 921 3719 templum
936 3636 1100 3702 conditum
1115 3636 1316 3718 pertinentes
1331 3637 1491 3719 prooemio

321 3741 442 3823 Pythio
473 3740 655 3808 abiudicari
686 3758 790 3823 posse,
822 3739 857 3805 id
889 3741 973 3820 quod
1001 3739 1081 3804 fecit
1109 3757 1249 3806 summus
1278 3741 1493 3806 Hermannus.

321 3844 405 3909 Nam
426 3843 486 3910 illa
507 3846 546 3910 de
566 3843 747 3926 Telphussa
769 3861 845 3925 pars
868 3841 1049 3907 arctissime
1071 3861 1142 3907 cum
1165 3842 1289 3923 reliquo
1312 3845 1351 3908 de
1373 3845 1493 3925 templo

322 3945 443 4029 Pythio
458 3945 595 4032 ,Hymno
625 3946 787 4030 congruit,
817 3964 881 4026 qua
910 3945 1019 4010 excisa
1045 3944 1147 4011 omnis
1173 3944 1305 4010 fabulae
1328 3951 1494 4012 structura

323 4051 362 4116 de
386 4051 548 4116 dracaena
570 4056 604 4116 et
625 4052 666 4115 de
688 4049 815 4114 nomine
829 4048 950 4130 Pythio
973 4047 1155 4114 necessarie
1170 4047 1205 4112 in
1220 4066 1255 4113 se
1270 4048 1493 4114 collaberetur.

408 4153 478 4220 Iam
508 4157 546 4226 ut
573 4152 668 4218 finem
698 4151 878 4216 disserendi
906 4149 1037 4234 faciam,
1067 4150 1213 4218 breviter
1243 4169 1281 4216 ac
1310 4149 1494 4216 summatim

324 4274 407 4338 quae
428 4253 614 4324 diiierentia
635 4254 722 4320 inter
744 4253 946 4320 Prooemium
965 4253 1122 4336 Pythium
1144 4258 1177 4318 et
1192 4252 1401 4336 Delphinium
1415 4254 1494 4318 Pro-

324 4349 460 4424 oemium
482 4357 665 4423 intercedat
687 4356 800 4424 dicam.
843 4355 984 4444 Pythius
1005 4358 1185 4438 rhapsodus
1203 4375 1340 4422 narrare
1356 4356 1495 4439 volebat,

324 4466 362 4530 ut
383 4481 441 4544 per
464 4465 586 4527 terram
608 4462 686 4526 deus
707 4460 772 4525 iter
793 4459 930 4545 iaceret,
959 4459 1064 4525 locum
1086 4451 1206 4544 templo
1228 4459 1377 4526 idoneum
1400 4477 1495 4542 quae·
