<?xml version="1.0" encoding="UTF-8"?>
<!DOCTYPE html PUBLIC "-//W3C//DTD XHTML 1.0 Transitional//EN"
    "http://www.w3.org/TR/xhtml1/DTD/xhtml1-transitional.dtd">
<html xmlns="http://www.w3.org/1999/xhtml" xml:lang="en" lang="en">
 <head>
  <title>
</title>
<meta http-equiv="Content-Type" content="text/html;charset=utf-8" />
  <meta name='ocr-system' content='tesseract 3.04.00' />
  <meta name='ocr-capabilities' content='ocr_page ocr_carea ocr_par ocr_line ocrx_word'/>
</head>
<body>
  <div class='ocr_page' id='page_1' title='image "./dehymnoinapolli00chamgoog_0021.png"; bbox 0 0 3344 5194; ppageno 0'>
   <div class='ocr_carea' id='block_1_1' title="bbox 276 413 558 683">
    <p class='ocr_par' dir='ltr' id='par_1_1' title="bbox 276 413 558 683">
     <span class='ocr_line' id='line_1_1' title="bbox 277 413 319 504; baseline -0.19 0"><span class='ocrx_word' id='word_1_1' title='bbox 277 413 319 504; x_wconf 79' lang='grc'><strong>16</strong></span> 
     </span>
     <span class='ocr_line' id='line_1_2' title="bbox 276 600 558 683; baseline 0 -17"><span class='ocrx_word' id='word_1_2' title='bbox 276 602 386 680; x_wconf 85' lang='lat' dir='ltr'><strong>Atque</strong></span> <span class='ocrx_word' id='word_1_3' title='bbox 407 600 558 683; x_wconf 87' lang='lat' dir='ltr'><strong>hymnus:</strong></span> 
     </span>
    </p>
   </div>
   <div class='ocr_carea' id='block_1_2' title="bbox 428 743 1320 941">
    <p class='ocr_par' dir='ltr' id='par_1_2' title="bbox 428 743 1320 941">
     <span class='ocr_line' id='line_1_3' title="bbox 428 743 1222 840; baseline -0.001 -22"><span class='ocrx_word' id='word_1_4' title='bbox 428 743 450 838; x_wconf 80' lang='grc' dir='ltr'><em>ἦ</em></span> <span class='ocrx_word' id='word_1_5' title='bbox 471 749 539 818; x_wconf 83' lang='grc' dir='ltr'><strong>πού</strong></span> <span class='ocrx_word' id='word_1_6' title='bbox 561 777 612 828; x_wconf 94' lang='grc' dir='ltr'><strong>τις</strong></span> <span class='ocrx_word' id='word_1_7' title='bbox 633 748 776 838; x_wconf 84' lang='grc' dir='ltr'><em>νήσων</em></span> <span class='ocrx_word' id='word_1_8' title='bbox 798 747 961 828; x_wconf 70' lang='grc' dir='ltr'><em>εὐδείελος</em></span> <span class='ocrx_word' id='word_1_9' title='bbox 983 746 1022 839; x_wconf 82' lang='grc' dir='ltr'><strong>ἠέ</strong></span> <span class='ocrx_word' id='word_1_10' title='bbox 1042 777 1093 828; x_wconf 90' lang='grc' dir='ltr'><strong>τις</strong></span> <span class='ocrx_word' id='word_1_11' title='bbox 1115 747 1222 840; x_wconf 82' lang='grc' dir='ltr'><em>ἀκτὴ</em></span> 
     </span>
     <span class='ocr_line' id='line_1_4' title="bbox 429 851 1320 941; baseline 0 -22"><span class='ocrx_word' id='word_1_12' title='bbox 429 851 516 920; x_wconf 81' lang='grc' dir='ltr'><em>κεῖθ’</em></span> <span class='ocrx_word' id='word_1_13' title='bbox 538 851 608 919; x_wconf 84' lang='grc' dir='ltr'><strong>ἁλὶ</strong></span> <span class='ocrx_word' id='word_1_14' title='bbox 630 855 860 941; x_wconf 76' lang='grc' dir='ltr'><em>κεκλιμένη</em></span> <span class='ocrx_word' id='word_1_15' title='bbox 883 853 1088 939; x_wconf 76' lang='grc' dir='ltr'><em>ἐριβώλακος</em></span> <span class='ocrx_word' id='word_1_16' title='bbox 1110 853 1320 941; x_wconf 82' lang='grc' dir='ltr'><em>ἠπείροιο.</em></span> 
     </span>
    </p>
   </div>
   <div class='ocr_carea' id='block_1_3' title="bbox 275 1007 1472 1196">
    <p class='ocr_par' dir='ltr' id='par_1_3' title="bbox 275 1007 1472 1196">
     <span class='ocr_line' id='line_1_5' title="bbox 275 1007 1472 1092; baseline -0.002 -18"><span class='ocrx_word' id='word_1_17' title='bbox 275 1008 397 1074; x_wconf 83' lang='lat' dir='ltr'><strong>Versus</strong></span> <span class='ocrx_word' id='word_1_18' title='bbox 418 1007 522 1092; x_wconf 83' lang='lat' dir='ltr'><strong>igitur</strong></span> <span class='ocrx_word' id='word_1_19' title='bbox 544 1007 686 1092; x_wconf 79' lang='lat' dir='ltr'><strong>disiungi</strong></span> <span class='ocrx_word' id='word_1_20' title='bbox 704 1027 768 1074; x_wconf 90' lang='lat' dir='ltr'><strong>uon</strong></span> <span class='ocrx_word' id='word_1_21' title='bbox 787 1014 928 1091; x_wconf 75' lang='lat' dir='ltr'><strong>possunt.</strong></span> <span class='ocrx_word' id='word_1_22' title='bbox 972 1008 1108 1076; x_wconf 83' lang='lat' dir='ltr'><strong>Accedit</strong></span> <span class='ocrx_word' id='word_1_23' title='bbox 1126 1011 1210 1091; x_wconf 88' lang='lat' dir='ltr'><strong>quod</strong></span> <span class='ocrx_word' id='word_1_24' title='bbox 1229 1027 1258 1077; x_wconf 90' lang='lat' dir='ltr'><strong>v.</strong></span> <span class='ocrx_word' id='word_1_25' title='bbox 1270 1011 1310 1074; x_wconf 85' lang='lat'><strong>22</strong></span> <span class='ocrx_word' id='word_1_26' title='bbox 1326 1017 1449 1074; x_wconf 83' lang='grc' dir='ltr'><em>πᾶσαι</em></span> <span class='ocrx_word' id='word_1_27' title='bbox 1468 1057 1472 1064; x_wconf 90' lang='grc'><strong><em>.</em></strong></span> 
     </span>
     <span class='ocr_line' id='line_1_6' title="bbox 277 1105 1449 1196; baseline -0.001 -20"><span class='ocrx_word' id='word_1_28' title='bbox 277 1111 312 1176; x_wconf 87' lang='grc' dir='ltr'><strong>δε</strong></span> <span class='ocrx_word' id='word_1_29' title='bbox 343 1112 520 1177; x_wconf 81' lang='grc' dir='ltr'><em>σκοπιαί</em></span> <span class='ocrx_word' id='word_1_30' title='bbox 541 1119 602 1176; x_wconf 80' lang='grc' dir='ltr'><em>’τοι</em></span> <span class='ocrx_word' id='word_1_31' title='bbox 625 1105 730 1177; x_wconf 77' lang='grc' dir='ltr'><em>ἅδον</em></span> <span class='ocrx_word' id='word_1_32' title='bbox 752 1113 808 1176; x_wconf 90' lang='grc' dir='ltr'><strong>καὶ</strong></span> <span class='ocrx_word' id='word_1_33' title='bbox 830 1111 1026 1195; x_wconf 79' lang='grc' dir='ltr'><em>προόνες</em></span> <span class='ocrx_word' id='word_1_34' title='bbox 1050 1109 1175 1196; x_wconf 79' lang='grc' dir='ltr'><em>ἄκροι</em></span> <span class='ocrx_word' id='word_1_35' title='bbox 1197 1129 1261 1178; x_wconf 89' lang='lat' dir='ltr'><strong>non</strong></span> <span class='ocrx_word' id='word_1_36' title='bbox 1283 1111 1384 1176; x_wconf 88' lang='lat' dir='ltr'><strong>solum</strong></span> <span class='ocrx_word' id='word_1_37' title='bbox 1407 1129 1449 1176; x_wconf 85' lang='lat' dir='ltr'><strong>ex</strong></span> 
     </span>
    </p>
   </div>
   <div class='ocr_carea' id='block_1_4' title="bbox 278 1211 485 1310">
    <p class='ocr_par' dir='ltr' id='par_1_4' title="bbox 278 1211 485 1310">
     <span class='ocr_line' id='line_1_7' title="bbox 278 1211 485 1310; baseline 0 -32"><span class='ocrx_word' id='word_1_38' title='bbox 278 1211 381 1278; x_wconf 78' lang='lat' dir='ltr'><strong>occo</strong></span> <span class='ocrx_word' id='word_1_39' title='bbox 483 1303 485 1310; x_wconf 68' lang='lat'><strong>,</strong></span> 
     </span>
    </p>
   </div>
   <div class='ocr_carea' id='block_1_5' title="bbox 275 1347 1446 1742">
    <p class='ocr_par' dir='ltr' id='par_1_5' title="bbox 275 1347 1446 1742">
     <span class='ocr_line' id='line_1_8' title="bbox 402 1347 1446 1435; baseline -0.002 -20"><span class='ocrx_word' id='word_1_40' title='bbox 402 1348 439 1415; x_wconf 78' lang='grc' dir='ltr'><strong>ἐκ</strong></span> <span class='ocrx_word' id='word_1_41' title='bbox 468 1347 637 1432; x_wconf 75' lang='grc' dir='ltr'><em>τ’δφανεν</em></span> <span class='ocrx_word' id='word_1_42' title='bbox 664 1358 800 1416; x_wconf 85' lang='grc' dir='ltr'><em>πᾶσαι</em></span> <span class='ocrx_word' id='word_1_43' title='bbox 832 1352 1009 1416; x_wconf 88' lang='grc' dir='ltr'><em>σκοπιαὶ</em></span> <span class='ocrx_word' id='word_1_44' title='bbox 1039 1350 1095 1416; x_wconf 84' lang='grc' dir='ltr'><strong>καλ</strong></span> <span class='ocrx_word' id='word_1_45' title='bbox 1121 1349 1316 1435; x_wconf 77' lang='grc' dir='ltr'><em>πρώονες</em></span> <span class='ocrx_word' id='word_1_46' title='bbox 1338 1347 1446 1434; x_wconf 85' lang='grc' dir='ltr'><em>ἀκροι,</em></span> 
     </span>
     <span class='ocr_line' id='line_1_9' title="bbox 275 1501 1223 1587; baseline 0.002 -20"><span class='ocrx_word' id='word_1_47' title='bbox 275 1503 332 1568; x_wconf 91' lang='lat' dir='ltr'><strong>sed</strong></span> <span class='ocrx_word' id='word_1_48' title='bbox 354 1501 454 1568; x_wconf 89' lang='lat' dir='ltr'><strong>etiam</strong></span> <span class='ocrx_word' id='word_1_49' title='bbox 476 1521 516 1569; x_wconf 86' lang='lat' dir='ltr'><strong>ex</strong></span> <span class='ocrx_word' id='word_1_50' title='bbox 538 1503 672 1569; x_wconf 84' lang='lat' dir='ltr'><strong>Hesiodi</strong></span> <span class='ocrx_word' id='word_1_51' title='bbox 694 1503 902 1587; x_wconf 84' lang='lat' dir='ltr'><strong>Theogoniae</strong></span> <span class='ocrx_word' id='word_1_52' title='bbox 924 1522 1021 1571; x_wconf 83' lang='lat' dir='ltr'><strong>versu</strong></span> <span class='ocrx_word' id='word_1_53' title='bbox 1043 1506 1105 1570; x_wconf 88' lang='grc'><strong>926</strong></span> <span class='ocrx_word' id='word_1_54' title='bbox 1128 1502 1223 1570; x_wconf 83' lang='lat' dir='ltr'><strong>duxit</strong></span> 
     </span>
     <span class='ocr_line' id='line_1_10' title="bbox 401 1647 1344 1742; baseline -0.002 -20"><span class='ocrx_word' id='word_1_55' title='bbox 401 1654 545 1722; x_wconf 82' lang='grc' dir='ltr'><em>πότνιαν</em></span> <span class='ocrx_word' id='word_1_56' title='bbox 567 1647 602 1742; x_wconf 81' lang='grc' dir='ltr'><strong>ἧι</strong></span> <span class='ocrx_word' id='word_1_57' title='bbox 624 1657 759 1721; x_wconf 80' lang='grc' dir='ltr'><em>κέλαδοί</em></span> <span class='ocrx_word' id='word_1_58' title='bbox 781 1681 816 1721; x_wconf 89' lang='grc' dir='ltr'><strong>τε</strong></span> <span class='ocrx_word' id='word_1_59' title='bbox 838 1650 890 1721; x_wconf 77' lang='lat' dir='ltr'><strong>dd</strong></span> <span class='ocrx_word' id='word_1_60' title='bbox 897 1681 945 1722; x_wconf 83' lang='lat' dir='ltr'><strong>ov</strong></span> <span class='ocrx_word' id='word_1_61' title='bbox 966 1655 1106 1742; x_wconf 81' lang='grc' dir='ltr'><em>πόλεμοί</em></span> <span class='ocrx_word' id='word_1_62' title='bbox 1128 1681 1164 1722; x_wconf 91' lang='grc' dir='ltr'><strong>τε</strong></span> <span class='ocrx_word' id='word_1_63' title='bbox 1185 1655 1286 1742; x_wconf 83' lang='grc' dir='ltr'><em>μάχαι</em></span> <span class='ocrx_word' id='word_1_64' title='bbox 1308 1679 1344 1721; x_wconf 93' lang='grc' dir='ltr'><strong>τε</strong></span> 
     </span>
    </p>
   </div>
   <div class='ocr_carea' id='block_1_6' title="bbox 274 1807 1448 2302">
    <p class='ocr_par' dir='ltr' id='par_1_6' title="bbox 274 1807 1448 2302">
     <span class='ocr_line' id='line_1_11' title="bbox 275 1807 1448 1894; baseline 0.001 -21"><span class='ocrx_word' id='word_1_65' title='bbox 275 1807 327 1892; x_wconf 86' lang='lat' dir='ltr'><strong>(ut</strong></span> <span class='ocrx_word' id='word_1_66' title='bbox 355 1807 505 1875; x_wconf 81' lang='grc'>11111429</span> <span class='ocrx_word' id='word_1_67' title='bbox 532 1808 631 1875; x_wconf 74' lang='lat' dir='ltr'><strong>dodau</strong></span> <span class='ocrx_word' id='word_1_68' title='bbox 654 1807 884 1894; x_wconf 74' lang='grc' dir='ltr'><em>ἀπορνύμενος</em></span> <span class='ocrx_word' id='word_1_69' title='bbox 907 1811 1114 1893; x_wconf 81' lang='lat' dir='ltr'><strong>Theogoniae</strong></span> <span class='ocrx_word' id='word_1_70' title='bbox 1136 1812 1201 1878; x_wconf 88' lang='lat' dir='ltr'><strong>v.9</strong></span> <span class='ocrx_word' id='word_1_71' title='bbox 1225 1808 1323 1875; x_wconf 73' lang='grc' dir='ltr'><em>ἔνθεν</em></span> <span class='ocrx_word' id='word_1_72' title='bbox 1346 1807 1448 1893; x_wconf 87' lang='grc' dir='ltr'><em>ἀπορ-</em></span> 
     </span>
     <span class='ocr_line' id='line_1_12' title="bbox 275 1905 1448 1996; baseline 0.001 -21"><span class='ocrx_word' id='word_1_73' title='bbox 275 1909 412 1995; x_wconf 88' lang='grc' dir='ltr'><em>νύμεναι</em></span> <span class='ocrx_word' id='word_1_74' title='bbox 441 1910 576 1996; x_wconf 87' lang='lat' dir='ltr'><strong>reddit),</strong></span> <span class='ocrx_word' id='word_1_75' title='bbox 605 1913 688 1992; x_wconf 92' lang='lat' dir='ltr'><strong>quod</strong></span> <span class='ocrx_word' id='word_1_76' title='bbox 719 1911 760 1976; x_wconf 90' lang='lat' dir='ltr'><strong>ab</strong></span> <span class='ocrx_word' id='word_1_77' title='bbox 783 1911 923 1977; x_wconf 88' lang='lat' dir='ltr'><strong>Hesiodo</strong></span> <span class='ocrx_word' id='word_1_78' title='bbox 953 1912 1121 1995; x_wconf 80' lang='lat' dir='ltr'><strong>eleganter</strong></span> <span class='ocrx_word' id='word_1_79' title='bbox 1143 1911 1264 1977; x_wconf 92' lang='lat' dir='ltr'><strong>dictum</strong></span> <span class='ocrx_word' id='word_1_80' title='bbox 1286 1935 1341 1976; x_wconf 81' lang='grc' dir='ltr'><strong>τοι</strong></span> <span class='ocrx_word' id='word_1_81' title='bbox 1363 1905 1448 1976; x_wconf 80' lang='grc' dir='ltr'><em>ἅδον</em></span> 
     </span>
     <span class='ocr_line' id='line_1_13' title="bbox 274 2012 1448 2096; baseline -0.002 -17"><span class='ocrx_word' id='word_1_82' title='bbox 274 2031 388 2079; x_wconf 90' lang='lat' dir='ltr'><strong>versus</strong></span> <span class='ocrx_word' id='word_1_83' title='bbox 410 2015 451 2078; x_wconf 85' lang='lat'><strong>22</strong></span> <span class='ocrx_word' id='word_1_84' title='bbox 481 2013 515 2078; x_wconf 93' lang='lat' dir='ltr'><strong>in</strong></span> <span class='ocrx_word' id='word_1_85' title='bbox 545 2032 642 2078; x_wconf 85' lang='lat' dir='ltr'><strong>versu</strong></span> <span class='ocrx_word' id='word_1_86' title='bbox 666 2015 726 2078; x_wconf 93' lang='grc'><strong>144</strong></span> <span class='ocrx_word' id='word_1_87' title='bbox 748 2014 880 2096; x_wconf 75' lang='lat' dir='ltr'><strong>ordgari</strong></span> <span class='ocrx_word' id='word_1_88' title='bbox 902 2013 951 2078; x_wconf 92' lang='lat' dir='ltr'><strong>illi</strong></span> <span class='ocrx_word' id='word_1_89' title='bbox 973 2038 1008 2079; x_wconf 83' lang='grc' dir='ltr'><strong>τε</strong></span> <span class='ocrx_word' id='word_1_90' title='bbox 1032 2016 1127 2096; x_wconf 78' lang='grc' dir='ltr'><em>φίλαι</em></span> <span class='ocrx_word' id='word_1_91' title='bbox 1149 2014 1244 2080; x_wconf 90' lang='lat' dir='ltr'><strong>cedit.</strong></span> <span class='ocrx_word' id='word_1_92' title='bbox 1288 2015 1396 2094; x_wconf 88' lang='lat' dir='ltr'><strong>Atque</strong></span> <span class='ocrx_word' id='word_1_93' title='bbox 1419 2012 1448 2077; x_wconf 92' lang='lat' dir='ltr'><strong>si</strong></span> 
     </span>
     <span class='ocr_line' id='line_1_14' title="bbox 275 2113 1448 2200; baseline 0 -21"><span class='ocrx_word' id='word_1_94' title='bbox 275 2114 347 2196; x_wconf 88' lang='lat' dir='ltr'><strong>quis</strong></span> <span class='ocrx_word' id='word_1_95' title='bbox 369 2133 482 2182; x_wconf 81' lang='lat' dir='ltr'><strong>versus</strong></span> <span class='ocrx_word' id='word_1_96' title='bbox 504 2115 578 2181; x_wconf 91' lang='lat' dir='ltr'><strong>illos</strong></span> <span class='ocrx_word' id='word_1_97' title='bbox 602 2118 662 2181; x_wconf 88' lang='lat'><strong>138</strong></span> <span class='ocrx_word' id='word_1_98' title='bbox 683 2119 717 2180; x_wconf 89' lang='lat' dir='ltr'><strong>et</strong></span> <span class='ocrx_word' id='word_1_99' title='bbox 734 2118 858 2181; x_wconf 87' lang='grc'>142-5</span> <span class='ocrx_word' id='word_1_100' title='bbox 873 2115 1062 2199; x_wconf 87' lang='lat' dir='ltr'><strong>inspexerit,</strong></span> <span class='ocrx_word' id='word_1_101' title='bbox 1084 2135 1197 2182; x_wconf 81' lang='lat' dir='ltr'><strong>versus</strong></span> <span class='ocrx_word' id='word_1_102' title='bbox 1217 2113 1448 2200; x_wconf 61' lang='grc'>1424411444</span> 
     </span>
     <span class='ocr_line' id='line_1_15' title="bbox 276 2213 1183 2302; baseline 0.002 -21"><span class='ocrx_word' id='word_1_103' title='bbox 276 2214 306 2281; x_wconf 84' lang='grc' dir='ltr'><strong>δ’</strong></span> <span class='ocrx_word' id='word_1_104' title='bbox 322 2213 364 2282; x_wconf 87' lang='grc' dir='ltr'><em>ἀν</em></span> <span class='ocrx_word' id='word_1_105' title='bbox 386 2216 510 2302; x_wconf 82' lang='grc' dir='ltr'><em>νήσους</em></span> <span class='ocrx_word' id='word_1_106' title='bbox 532 2216 562 2282; x_wconf 89' lang='grc'><strong>41</strong></span> <span class='ocrx_word' id='word_1_107' title='bbox 584 2217 617 2282; x_wconf 93' lang='lat' dir='ltr'><strong>in</strong></span> <span class='ocrx_word' id='word_1_108' title='bbox 640 2222 780 2282; x_wconf 88' lang='lat' dir='ltr'><strong>mentem</strong></span> <span class='ocrx_word' id='word_1_109' title='bbox 802 2218 972 2284; x_wconf 81' lang='lat' dir='ltr'><strong>revocabit</strong></span> <span class='ocrx_word' id='word_1_110' title='bbox 993 2221 1043 2302; x_wconf 85' lang='lat'><strong>21,</strong></span> <span class='ocrx_word' id='word_1_111' title='bbox 1065 2222 1100 2284; x_wconf 85' lang='lat' dir='ltr'><strong>et</strong></span> <span class='ocrx_word' id='word_1_112' title='bbox 1123 2221 1183 2283; x_wconf 89' lang='grc'><strong>143</strong></span> 
     </span>
    </p>
   </div>
   <div class='ocr_carea' id='block_1_7' title="bbox 401 2368 1290 2458">
    <p class='ocr_par' dir='ltr' id='par_1_7' title="bbox 401 2368 1290 2458">
     <span class='ocr_line' id='line_1_16' title="bbox 401 2368 1290 2458; baseline 0.001 -22"><span class='ocrx_word' id='word_1_113' title='bbox 401 2372 523 2436; x_wconf 78' lang='grc' dir='ltr'><em>πολλοί</em></span> <span class='ocrx_word' id='word_1_114' title='bbox 545 2393 599 2436; x_wconf 91' lang='grc' dir='ltr'><strong>τοι</strong></span> <span class='ocrx_word' id='word_1_115' title='bbox 620 2373 696 2456; x_wconf 86' lang='grc' dir='ltr'><em>νηοί</em></span> <span class='ocrx_word' id='word_1_116' title='bbox 718 2395 754 2436; x_wconf 91' lang='grc' dir='ltr'><strong>τε</strong></span> <span class='ocrx_word' id='word_1_117' title='bbox 776 2373 833 2435; x_wconf 90' lang='grc' dir='ltr'><strong>καὶ</strong></span> <span class='ocrx_word' id='word_1_118' title='bbox 855 2368 956 2436; x_wconf 81' lang='grc' dir='ltr'><em>ἄλσεα</em></span> <span class='ocrx_word' id='word_1_119' title='bbox 980 2370 1181 2458; x_wconf 85' lang='grc' dir='ltr'><em>δενδρήεντα</em></span> <span class='ocrx_word' id='word_1_120' title='bbox 1288 2397 1290 2402; x_wconf 59' lang='grc'><em>“</em></span> 
     </span>
    </p>
   </div>
   <div class='ocr_carea' id='block_1_8' title="bbox 274 2522 903 2591">
    <p class='ocr_par' dir='ltr' id='par_1_8' title="bbox 274 2522 903 2591">
     <span class='ocr_line' id='line_1_17' title="bbox 274 2522 903 2591; baseline 0.005 -3"><span class='ocrx_word' id='word_1_121' title='bbox 274 2523 343 2590; x_wconf 86' lang='grc'>1414</span> <span class='ocrx_word' id='word_1_122' title='bbox 365 2525 501 2590; x_wconf 87' lang='lat' dir='ltr'><strong>eundem</strong></span> <span class='ocrx_word' id='word_1_123' title='bbox 523 2541 593 2590; x_wconf 89' lang='lat' dir='ltr'><strong>esse</strong></span> <span class='ocrx_word' id='word_1_124' title='bbox 614 2523 741 2591; x_wconf 88' lang='lat' dir='ltr'><strong>videbit</strong></span> <span class='ocrx_word' id='word_1_125' title='bbox 762 2543 801 2590; x_wconf 94' lang='lat' dir='ltr'><strong>ac</strong></span> <span class='ocrx_word' id='word_1_126' title='bbox 823 2526 863 2591; x_wconf 83' lang='lat'><strong>76</strong></span> <span class='ocrx_word' id='word_1_127' title='bbox 901 2522 903 2528; x_wconf 80' lang='grc'>’</span> 
     </span>
    </p>
   </div>
   <div class='ocr_carea' id='block_1_9' title="bbox 401 2676 1180 2766">
    <p class='ocr_par' dir='ltr' id='par_1_9' title="bbox 401 2676 1180 2766">
     <span class='ocr_line' id='line_1_18' title="bbox 401 2676 1180 2766; baseline 0.003 -24"><span class='ocrx_word' id='word_1_128' title='bbox 401 2676 584 2758; x_wconf 74' lang='grc' dir='ltr'><em>τεύξασθαι</em></span> <span class='ocrx_word' id='word_1_129' title='bbox 605 2677 689 2764; x_wconf 88' lang='grc' dir='ltr'><em>νηόν</em></span> <span class='ocrx_word' id='word_1_130' title='bbox 711 2703 746 2743; x_wconf 95' lang='grc' dir='ltr'><strong>τε</strong></span> <span class='ocrx_word' id='word_1_131' title='bbox 767 2680 822 2743; x_wconf 82' lang='grc' dir='ltr'><strong>καὶ</strong></span> <span class='ocrx_word' id='word_1_132' title='bbox 846 2676 947 2744; x_wconf 84' lang='grc' dir='ltr'><em>ἄλσεα</em></span> <span class='ocrx_word' id='word_1_133' title='bbox 971 2677 1180 2766; x_wconf 82' lang='grc' dir='ltr'><em>δενδρήεντα.</em></span> 
     </span>
    </p>
   </div>
   <div class='ocr_carea' id='block_1_10' title="bbox 271 2831 1503 4242">
    <p class='ocr_par' dir='ltr' id='par_1_10' title="bbox 275 2831 1268 2898">
     <span class='ocr_line' id='line_1_19' title="bbox 275 2831 1268 2898; baseline 0.002 -3"><span class='ocrx_word' id='word_1_134' title='bbox 275 2832 416 2896; x_wconf 81' lang='lat' dir='ltr'><strong>Tantum</strong></span> <span class='ocrx_word' id='word_1_135' title='bbox 439 2831 533 2896; x_wconf 90' lang='lat' dir='ltr'><strong>abest</strong></span> <span class='ocrx_word' id='word_1_136' title='bbox 555 2835 592 2896; x_wconf 93' lang='lat' dir='ltr'><strong>ut</strong></span> <span class='ocrx_word' id='word_1_137' title='bbox 614 2831 714 2896; x_wconf 92' lang='lat' dir='ltr'><strong>solum</strong></span> <span class='ocrx_word' id='word_1_138' title='bbox 737 2831 771 2896; x_wconf 93' lang='lat' dir='ltr'><strong>in</strong></span> <span class='ocrx_word' id='word_1_139' title='bbox 795 2833 919 2896; x_wconf 89' lang='grc'>144-5</span> <span class='ocrx_word' id='word_1_140' title='bbox 943 2831 1010 2896; x_wconf 85' lang='lat' dir='ltr'><strong>siut</strong></span> <span class='ocrx_word' id='word_1_141' title='bbox 1031 2831 1268 2898; x_wconf 88' lang='lat' dir='ltr'><strong>similitudines.</strong></span> 
     </span>
    </p>

    <p class='ocr_par' dir='ltr' id='par_1_11' title="bbox 273 2933 1503 3714">
     <span class='ocr_line' id='line_1_20' title="bbox 358 2933 1445 3016; baseline 0.002 -18"><span class='ocrx_word' id='word_1_142' title='bbox 358 2933 460 2998; x_wconf 93' lang='lat' dir='ltr'><strong>Porro</strong></span> <span class='ocrx_word' id='word_1_143' title='bbox 490 2934 612 3000; x_wconf 88' lang='lat' dir='ltr'><strong>minore</strong></span> <span class='ocrx_word' id='word_1_144' title='bbox 641 2952 712 2999; x_wconf 92' lang='lat' dir='ltr'><strong>cum</strong></span> <span class='ocrx_word' id='word_1_145' title='bbox 734 2933 931 3000; x_wconf 91' lang='lat' dir='ltr'><strong>incommodo</strong></span> <span class='ocrx_word' id='word_1_146' title='bbox 953 2933 1132 3000; x_wconf 89' lang='lat' dir='ltr'><strong>desiderari</strong></span> <span class='ocrx_word' id='word_1_147' title='bbox 1154 2938 1288 3016; x_wconf 89' lang='lat' dir='ltr'><strong>possunt</strong></span> <span class='ocrx_word' id='word_1_148' title='bbox 1312 2936 1445 3000; x_wconf 86' lang='grc'>144-5</span> 
     </span>
     <span class='ocr_line' id='line_1_21' title="bbox 275 3035 1445 3118; baseline 0 -17"><span class='ocrx_word' id='word_1_149' title='bbox 275 3054 370 3116; x_wconf 89' lang='lat' dir='ltr'><strong>quam</strong></span> <span class='ocrx_word' id='word_1_150' title='bbox 398 3037 524 3100; x_wconf 83' lang='lat'><strong>22-23</strong></span> <span class='ocrx_word' id='word_1_151' title='bbox 547 3041 719 3118; x_wconf 88' lang='lat' dir='ltr'><strong>propterea</strong></span> <span class='ocrx_word' id='word_1_152' title='bbox 741 3038 825 3117; x_wconf 93' lang='lat' dir='ltr'><strong>quod</strong></span> <span class='ocrx_word' id='word_1_153' title='bbox 847 3035 893 3101; x_wconf 88' lang='lat' dir='ltr'><strong>sic</strong></span> <span class='ocrx_word' id='word_1_154' title='bbox 915 3036 1022 3101; x_wconf 92' lang='lat' dir='ltr'><strong>nullus</strong></span> <span class='ocrx_word' id='word_1_155' title='bbox 1044 3054 1158 3102; x_wconf 88' lang='lat' dir='ltr'><strong>versus</strong></span> <span class='ocrx_word' id='word_1_156' title='bbox 1180 3036 1299 3102; x_wconf 89' lang='lat' dir='ltr'><strong>tertius</strong></span> <span class='ocrx_word' id='word_1_157' title='bbox 1320 3036 1354 3102; x_wconf 93' lang='lat' dir='ltr'><strong>iu</strong></span> <span class='ocrx_word' id='word_1_158' title='bbox 1377 3055 1445 3102; x_wconf 89' lang='lat' dir='ltr'><strong>sus·</strong></span> 
     </span>
     <span class='ocr_line' id='line_1_22' title="bbox 274 3138 1445 3222; baseline 0 -19"><span class='ocrx_word' id='word_1_159' title='bbox 274 3156 373 3220; x_wconf 91' lang='lat' dir='ltr'><strong>penso</strong></span> <span class='ocrx_word' id='word_1_160' title='bbox 395 3138 641 3218; x_wconf 89' lang='lat' dir='ltr'><strong>relinqueretur.</strong></span> <span class='ocrx_word' id='word_1_161' title='bbox 685 3138 827 3222; x_wconf 80' lang='lat' dir='ltr'><strong>Quodsi</strong></span> <span class='ocrx_word' id='word_1_162' title='bbox 850 3138 921 3218; x_wconf 90' lang='lat' dir='ltr'><strong>quis</strong></span> <span class='ocrx_word' id='word_1_163' title='bbox 943 3138 1133 3222; x_wconf 85' lang='lat' dir='ltr'><strong>interroget,</strong></span> <span class='ocrx_word' id='word_1_164' title='bbox 1155 3139 1360 3219; x_wconf 88' lang='lat' dir='ltr'><strong>quamobrem</strong></span> <span class='ocrx_word' id='word_1_165' title='bbox 1376 3138 1445 3203; x_wconf 85' lang='lat' dir='ltr'><strong>illic</strong></span> 
     </span>
     <span class='ocr_line' id='line_1_23' title="bbox 273 3240 1444 3323; baseline 0 -16"><span class='ocrx_word' id='word_1_166' title='bbox 273 3258 388 3308; x_wconf 85' lang='lat' dir='ltr'><strong>versus</strong></span> <span class='ocrx_word' id='word_1_167' title='bbox 411 3243 451 3304; x_wconf 87' lang='grc'><strong>24</strong></span> <span class='ocrx_word' id='word_1_168' title='bbox 473 3244 546 3321; x_wconf 90' lang='lat' dir='ltr'><strong>post</strong></span> <span class='ocrx_word' id='word_1_169' title='bbox 570 3243 630 3304; x_wconf 88' lang='grc'><strong>145</strong></span> <span class='ocrx_word' id='word_1_170' title='bbox 653 3259 717 3305; x_wconf 93' lang='lat' dir='ltr'><strong>non</strong></span> <span class='ocrx_word' id='word_1_171' title='bbox 735 3245 912 3323; x_wconf 87' lang='lat' dir='ltr'><strong>repetatur,</strong></span> <span class='ocrx_word' id='word_1_172' title='bbox 934 3240 962 3304; x_wconf 94' lang='lat' dir='ltr'><strong>si</strong></span> <span class='ocrx_word' id='word_1_173' title='bbox 978 3240 1105 3320; x_wconf 89' lang='lat' dir='ltr'><strong>quidem</strong></span> <span class='ocrx_word' id='word_1_174' title='bbox 1122 3243 1246 3306; x_wconf 86' lang='lat'>144-5</span> <span class='ocrx_word' id='word_1_175' title='bbox 1262 3259 1302 3306; x_wconf 86' lang='lat' dir='ltr'><strong>ex</strong></span> <span class='ocrx_word' id='word_1_176' title='bbox 1317 3243 1444 3307; x_wconf 83' lang='lat'>22—23</span> 
     </span>
     <span class='ocr_line' id='line_1_24' title="bbox 273 3341 1444 3424; baseline 0.002 -17"><span class='ocrx_word' id='word_1_177' title='bbox 273 3341 340 3407; x_wconf 89' lang='lat' dir='ltr'><strong>siut</strong></span> <span class='ocrx_word' id='word_1_178' title='bbox 372 3341 556 3424; x_wconf 85' lang='lat' dir='ltr'><strong>propagati,</strong></span> <span class='ocrx_word' id='word_1_179' title='bbox 589 3341 649 3407; x_wconf 93' lang='lat' dir='ltr'><strong>hoc</strong></span> <span class='ocrx_word' id='word_1_180' title='bbox 681 3343 819 3408; x_wconf 86' lang='lat' dir='ltr'><strong>habeam</strong></span> <span class='ocrx_word' id='word_1_181' title='bbox 851 3344 935 3422; x_wconf 88' lang='lat' dir='ltr'><strong>quod</strong></span> <span class='ocrx_word' id='word_1_182' title='bbox 963 3344 1183 3424; x_wconf 87' lang='lat' dir='ltr'><strong>respondeam.</strong></span> <span class='ocrx_word' id='word_1_183' title='bbox 1236 3343 1271 3408; x_wconf 86' lang='lat' dir='ltr'><strong>Si</strong></span> <span class='ocrx_word' id='word_1_184' title='bbox 1299 3343 1444 3410; x_wconf 88' lang='lat' dir='ltr'><strong>Roberto</strong></span> 
     </span>
     <span class='ocr_line' id='line_1_25' title="bbox 273 3441 1444 3530; baseline 0.002 -21"><span class='ocrx_word' id='word_1_185' title='bbox 273 3446 354 3510; x_wconf 85' lang='lat' dir='ltr'><strong>duco</strong></span> <span class='ocrx_word' id='word_1_186' title='bbox 384 3463 414 3510; x_wconf 90' lang='lat' dir='ltr'><strong>v.</strong></span> <span class='ocrx_word' id='word_1_187' title='bbox 435 3446 495 3509; x_wconf 90' lang='grc'>142</span> <span class='ocrx_word' id='word_1_188' title='bbox 529 3441 632 3518; x_wconf 83' lang='grc' dir='ltr'><em>ἀκτάς</em></span> <span class='ocrx_word' id='word_1_189' title='bbox 661 3463 719 3525; x_wconf 92' lang='lat' dir='ltr'><strong>pro</strong></span> <span class='ocrx_word' id='word_1_190' title='bbox 749 3443 869 3529; x_wconf 75' lang='grc' dir='ltr'><em>ἀνέρας</em></span> <span class='ocrx_word' id='word_1_191' title='bbox 897 3445 1077 3530; x_wconf 80' lang='lat' dir='ltr'><strong>legimus‚²)</strong></span> <span class='ocrx_word' id='word_1_192' title='bbox 1110 3465 1151 3511; x_wconf 92' lang='lat' dir='ltr'><strong>ne</strong></span> <span class='ocrx_word' id='word_1_193' title='bbox 1180 3446 1286 3528; x_wconf 90' lang='lat' dir='ltr'><strong>potuit</strong></span> <span class='ocrx_word' id='word_1_194' title='bbox 1315 3445 1444 3526; x_wconf 88' lang='lat' dir='ltr'><strong>quidem</strong></span> 
     </span>
     <span class='ocr_line' id='line_1_26' title="bbox 273 3544 1503 3630; baseline -0.001 -19"><span class='ocrx_word' id='word_1_195' title='bbox 273 3551 371 3630; x_wconf 91' lang='lat' dir='ltr'><strong>poeta</strong></span> <span class='ocrx_word' id='word_1_196' title='bbox 400 3544 503 3621; x_wconf 82' lang='grc' dir='ltr'><em>ἀκτὰς</em></span> <span class='ocrx_word' id='word_1_197' title='bbox 531 3546 650 3611; x_wconf 87' lang='lat' dir='ltr'><strong>iterum</strong></span> <span class='ocrx_word' id='word_1_198' title='bbox 676 3565 931 3613; x_wconf 91' lang='lat' dir='ltr'><strong>commemorare.</strong></span> <span class='ocrx_word' id='word_1_199' title='bbox 975 3548 1092 3628; x_wconf 89' lang='lat' dir='ltr'><strong>Itaque</strong></span> <span class='ocrx_word' id='word_1_200' title='bbox 1119 3549 1444 3616; x_wconf 77' lang='grc'>141414144-5411</span> <span class='ocrx_word' id='word_1_201' title='bbox 1497 3597 1503 3610; x_wconf 83' lang='lat'><strong><em>.</em></strong></span> 
     </span>
     <span class='ocr_line' id='line_1_27' title="bbox 273 3647 681 3714; baseline 0 0"><span class='ocrx_word' id='word_1_202' title='bbox 273 3651 378 3714; x_wconf 83' lang='lat'><strong>22-3</strong></span> <span class='ocrx_word' id='word_1_203' title='bbox 400 3647 571 3713; x_wconf 84' lang='lat' dir='ltr'><strong>defluxisse</strong></span> <span class='ocrx_word' id='word_1_204' title='bbox 593 3649 681 3714; x_wconf 94' lang='lat' dir='ltr'><strong>duco.</strong></span> 
     </span>
    </p>

    <p class='ocr_par' dir='ltr' id='par_1_12' title="bbox 271 3751 1443 4242">
     <span class='ocr_line' id='line_1_28' title="bbox 358 3751 1443 3838; baseline 0.003 -23"><span class='ocrx_word' id='word_1_205' title='bbox 358 3751 480 3816; x_wconf 85' lang='lat' dir='ltr'><strong>Versus</strong></span> <span class='ocrx_word' id='word_1_206' title='bbox 502 3752 637 3816; x_wconf 84' lang='lat'>25-28</span> <span class='ocrx_word' id='word_1_207' title='bbox 666 3751 738 3834; x_wconf 87' lang='lat' dir='ltr'><strong>soli,</strong></span> <span class='ocrx_word' id='word_1_208' title='bbox 766 3753 915 3818; x_wconf 88' lang='lat' dir='ltr'><strong>versibus</strong></span> <span class='ocrx_word' id='word_1_209' title='bbox 939 3754 1071 3817; x_wconf 86' lang='grc'>14-18</span> <span class='ocrx_word' id='word_1_210' title='bbox 1094 3751 1232 3838; x_wconf 85' lang='lat' dir='ltr'><strong>omissis,</strong></span> <span class='ocrx_word' id='word_1_211' title='bbox 1261 3753 1384 3818; x_wconf 90' lang='lat' dir='ltr'><strong>utiam</strong></span> <span class='ocrx_word' id='word_1_212' title='bbox 1408 3751 1443 3818; x_wconf 93' lang='lat' dir='ltr'><strong>iu</strong></span> 
     </span>
     <span class='ocr_line' id='line_1_29' title="bbox 273 3851 1443 3936; baseline 0.002 -18"><span class='ocrx_word' id='word_1_213' title='bbox 273 3851 422 3934; x_wconf 85' lang='lat' dir='ltr'><strong>Capitulo</strong></span> <span class='ocrx_word' id='word_1_214' title='bbox 452 3852 469 3916; x_wconf 92' lang='grc'><strong>1</strong></span> <span class='ocrx_word' id='word_1_215' title='bbox 498 3852 643 3935; x_wconf 83' lang='lat' dir='ltr'><strong>exposui,</strong></span> <span class='ocrx_word' id='word_1_216' title='bbox 672 3853 815 3936; x_wconf 86' lang='lat' dir='ltr'><strong>vestigia</strong></span> <span class='ocrx_word' id='word_1_217' title='bbox 843 3853 1036 3935; x_wconf 90' lang='lat' dir='ltr'><strong>rhapsodiae</strong></span> <span class='ocrx_word' id='word_1_218' title='bbox 1065 3855 1230 3920; x_wconf 88' lang='lat' dir='ltr'><strong>cuiusdam</strong></span> <span class='ocrx_word' id='word_1_219' title='bbox 1252 3856 1291 3920; x_wconf 90' lang='lat' dir='ltr'><strong>de</strong></span> <span class='ocrx_word' id='word_1_220' title='bbox 1313 3855 1443 3920; x_wconf 89' lang='lat' dir='ltr'><strong>Latona</strong></span> 
     </span>
     <span class='ocr_line' id='line_1_30' title="bbox 272 3954 1442 4039; baseline 0.003 -20"><span class='ocrx_word' id='word_1_221' title='bbox 272 3956 307 4019; x_wconf 93' lang='lat' dir='ltr'><strong>in</strong></span> <span class='ocrx_word' id='word_1_222' title='bbox 339 3955 436 4020; x_wconf 90' lang='lat' dir='ltr'><strong>litore</strong></span> <span class='ocrx_word' id='word_1_223' title='bbox 468 3954 594 4020; x_wconf 89' lang='lat' dir='ltr'><strong>insulae</strong></span> <span class='ocrx_word' id='word_1_224' title='bbox 626 3960 743 4022; x_wconf 85' lang='lat' dir='ltr'><strong>vastae</strong></span> <span class='ocrx_word' id='word_1_225' title='bbox 771 3956 920 4038; x_wconf 89' lang='lat' dir='ltr'><strong>pariente</strong></span> <span class='ocrx_word' id='word_1_226' title='bbox 951 3961 1093 4024; x_wconf 89' lang='lat' dir='ltr'><strong>servant.</strong></span> <span class='ocrx_word' id='word_1_227' title='bbox 1144 3957 1230 4022; x_wconf 93' lang='lat' dir='ltr'><strong>Huic</strong></span> <span class='ocrx_word' id='word_1_228' title='bbox 1258 3956 1442 4039; x_wconf 83' lang='lat' dir='ltr'><strong>fragmento</strong></span> 
     </span>
     <span class='ocr_line' id='line_1_31' title="bbox 272 4055 1442 4143; baseline 0.002 -21"><span class='ocrx_word' id='word_1_229' title='bbox 272 4055 402 4140; x_wconf 85' lang='lat' dir='ltr'><strong>exiguo,</strong></span> <span class='ocrx_word' id='word_1_230' title='bbox 432 4057 580 4136; x_wconf 91' lang='lat' dir='ltr'><strong>quamvis</strong></span> <span class='ocrx_word' id='word_1_231' title='bbox 606 4057 746 4138; x_wconf 88' lang='lat' dir='ltr'><strong>lepidum</strong></span> <span class='ocrx_word' id='word_1_232' title='bbox 769 4077 807 4123; x_wconf 90' lang='lat' dir='ltr'><strong>ac</strong></span> <span class='ocrx_word' id='word_1_233' title='bbox 829 4057 1019 4124; x_wconf 91' lang='lat' dir='ltr'><strong>concinnum</strong></span> <span class='ocrx_word' id='word_1_234' title='bbox 1041 4059 1097 4142; x_wconf 89' lang='lat' dir='ltr'><strong>sit,</strong></span> <span class='ocrx_word' id='word_1_235' title='bbox 1126 4059 1292 4124; x_wconf 88' lang='lat' dir='ltr'><strong>tamenin</strong></span> <span class='ocrx_word' id='word_1_236' title='bbox 1314 4060 1442 4143; x_wconf 83' lang='lat' dir='ltr'><strong>hymno,</strong></span> 
     </span>
     <span class='ocr_line' id='line_1_32' title="bbox 271 4157 1442 4242; baseline 0.002 -18"><span class='ocrx_word' id='word_1_237' title='bbox 271 4163 309 4224; x_wconf 91' lang='lat' dir='ltr'><strong>ut</strong></span> <span class='ocrx_word' id='word_1_238' title='bbox 342 4158 397 4239; x_wconf 90' lang='lat' dir='ltr'><strong>qui</strong></span> <span class='ocrx_word' id='word_1_239' title='bbox 429 4157 561 4224; x_wconf 83' lang='lat' dir='ltr'><strong>tabulae</strong></span> <span class='ocrx_word' id='word_1_240' title='bbox 593 4157 764 4224; x_wconf 80' lang='lat' dir='ltr'><strong>formulam</strong></span> <span class='ocrx_word' id='word_1_241' title='bbox 797 4159 959 4226; x_wconf 88' lang='lat' dir='ltr'><strong>diversam</strong></span> <span class='ocrx_word' id='word_1_242' title='bbox 991 4160 1093 4226; x_wconf 91' lang='lat' dir='ltr'><strong>multo</strong></span> <span class='ocrx_word' id='word_1_243' title='bbox 1125 4159 1247 4226; x_wconf 91' lang='lat' dir='ltr'><strong>maiore</strong></span> <span class='ocrx_word' id='word_1_244' title='bbox 1280 4169 1442 4242; x_wconf 88' lang='lat' dir='ltr'><strong>apparatu</strong></span> 
     </span>
    </p>
   </div>
   <div class='ocr_carea' id='block_1_11' title="bbox 355 4400 1197 4571">
    <p class='ocr_par' dir='ltr' id='par_1_13' title="bbox 355 4400 1197 4571">
     <span class='ocr_line' id='line_1_33' title="bbox 357 4400 1029 4482; baseline 0.004 -17"><span class='ocrx_word' id='word_1_245' title='bbox 357 4414 378 4481; x_wconf 87' lang='lat'><strong>¹)</strong></span> <span class='ocrx_word' id='word_1_246' title='bbox 398 4405 432 4466; x_wconf 83' lang='grc' dir='ltr'><em>ἀν</em></span> <span class='ocrx_word' id='word_1_247' title='bbox 449 4428 509 4466; x_wconf 91' lang='lat' dir='ltr'><strong>cum</strong></span> <span class='ocrx_word' id='word_1_248' title='bbox 527 4411 675 4468; x_wconf 85' lang='lat' dir='ltr'><strong>D&#39;Orviliio</strong></span> <span class='ocrx_word' id='word_1_249' title='bbox 694 4413 763 4482; x_wconf 84' lang='lat' dir='ltr'><strong>lego,</strong></span> <span class='ocrx_word' id='word_1_250' title='bbox 781 4429 829 4481; x_wconf 92' lang='lat' dir='ltr'><strong>pro</strong></span> <span class='ocrx_word' id='word_1_251' title='bbox 847 4400 883 4467; x_wconf 77' lang='grc' dir='ltr'><strong>αδ</strong></span> <span class='ocrx_word' id='word_1_252' title='bbox 901 4413 1029 4468; x_wconf 88' lang='lat' dir='ltr'><strong>codicum.</strong></span> 
     </span>
     <span class='ocr_line' id='line_1_34' title="bbox 355 4491 1197 4571; baseline 0.002 -17"><span class='ocrx_word' id='word_1_253' title='bbox 355 4501 378 4570; x_wconf 79' lang='lat'><strong>²)</strong></span> <span class='ocrx_word' id='word_1_254' title='bbox 395 4498 435 4554; x_wconf 80' lang='lat' dir='ltr'><strong>Cf.</strong></span> <span class='ocrx_word' id='word_1_255' title='bbox 454 4499 583 4556; x_wconf 38' lang='lat' dir='ltr'><strong>vacko</strong></span> <span class='ocrx_word' id='word_1_256' title='bbox 601 4504 629 4553; x_wconf 87' lang='lat' dir='ltr'><strong>et</strong></span> <span class='ocrx_word' id='word_1_257' title='bbox 652 4500 716 4555; x_wconf 83' lang='lat' dir='ltr'><strong>Y50</strong></span> <span class='ocrx_word' id='word_1_258' title='bbox 736 4491 827 4554; x_wconf 71' lang='grc' dir='ltr'><em>ἄλλοτ’</em></span> <span class='ocrx_word' id='word_1_259' title='bbox 847 4494 889 4553; x_wconf 73' lang='grc' dir='ltr'><strong>ἐπ’</strong></span> <span class='ocrx_word' id='word_1_260' title='bbox 902 4493 1015 4554; x_wconf 78' lang='grc' dir='ltr'><em>ἀκτάων</em></span> <span class='ocrx_word' id='word_1_261' title='bbox 1033 4493 1197 4571; x_wconf 77' lang='grc' dir='ltr'><em>ἐριδούπων.</em></span> 
     </span>
    </p>
   </div>
   <div class='ocr_carea' id='block_1_12' title="bbox 0 0 1676 5194">
    <p class='ocr_par' dir='ltr' id='par_1_14' title="bbox 0 0 1676 5194">
     <span class='ocr_line' id='line_1_35' title="bbox 0 0 1676 5194; baseline 0 2"><span class='ocrx_word' id='word_1_262' title='bbox 0 0 1676 5194; x_wconf 95' lang='lat' dir='ltr'><strong> </strong></span> 
     </span>
    </p>
   </div>
  </div>
 </body>
</html>
