3344 5194
301 619 526 711 ’τλημοσόνας
551 611 602 690 dd
617 619 748 708 ἔχοντες
769 617 827 690 ἀπ’
842 617 1045 690 ἀθανάτοισι
1066 625 1177 690 θεοῖσι
1264 631 1267 638 “

308 725 430 812 ςαόουά
446 725 610 811 ἀοραδέες
631 727 688 792 καὶ
711 723 875 811 ἀμήχανοι
898 723 976 792 odat
1000 724 1162 792 δύνανται

309 827 479 914 εὑρέμεναι
501 827 669 894 θανάτοιό
689 825 720 894 τ’
736 825 817 902 ἀκος
839 829 895 894 καλ
917 826 1042 914 γήραος
1064 825 1179 912 ἀλκαρ.

179 965 306 1050 Quibus
334 967 375 1031 de
405 963 567 1046 versihm,
595 981 645 1030 me
668 963 796 1044 quidem
819 961 924 1028 indice
946 981 1098 1031 versuum
1121 961 1354 1058 prooemiorum

179 1067 214 1134 in
252 1067 435 1150 Apollinem
471 1067 611 1134 omnium
647 1066 743 1149 longe
778 1064 1004 1148 pulcherrimis
1040 1069 1075 1131 et
1106 1065 1247 1131 Homero
1283 1066 1353 1148 ipso

179 1169 301 1254 dignis,
332 1169 527 1252 posteriores
555 1175 669 1251 poetas
698 1167 878 1250 exemplum
909 1167 1032 1250 cepisse
1059 1167 1277 1234 arbitrabitur
1298 1167 1354 1248 qui

179 1271 293 1356 hymni
314 1272 350 1338 in
371 1271 520 1338 Cererem
542 1269 718 1338 contulerit
740 1289 769 1337 v.
784 1272 846 1337 257
859 1289 923 1352 seq.

309 1407 420 1496 νήιδες
443 1405 621 1494 ἀιθριοποι
643 1409 699 1473 καὶ
723 1405 999 1492 ἀφράδμονες
1022 1404 1093 1472 οὔτ’
1109 1405 1253 1493 ἀγαθοῖο

309 1507 408 1577 αἶσαν
423 1511 644 1596 ἐπερχομένου
659 1509 894 1596 προγνώμεναι
909 1506 955 1596 [οι
970 1505 1115 1596 Codices]
1131 1507 1208 1574 οὔτε
1223 1522 1352 1588 κακοῖο,

179 1645 236 1728 qui
276 1645 310 1712 in
346 1646 567 1730 disputatione
603 1644 745 1728 Orphica
781 1645 1001 1712 Berolinensis
1037 1645 1154 1730 papyri
1191 1643 1354 1730 (Berliner
1453 1679 1455 1684 ,

179 1749 480 1816 Klassiker·'l'exte
502 1747 627 1814 HeltV
654 1751 680 1814 l.
696 1747 825 1832 Htlfte,
855 1747 957 1832 colli,
981 1747 1034 1832 15)
1065 1767 1136 1814 cum
1167 1747 1242 1814 aliis
1271 1747 1353 1814 eins-

179 1853 252 1918 dem
274 1851 428 1934 prooemii
451 1851 599 1918 versibus
621 1850 668 1916 sic
689 1851 844 1934 leguntur

309 1969 497 2056 ἄφρονες
519 1967 698 2056 ἄνθρωποι
721 1969 1014 2057 δυστλήμονες
1036 1967 1126 2058 [orire
1148 1984 1267 2036 κακοῖο

308 2069 408 2140 αἶσαν
429 2070 675 2161 έπ]ερ[χομένον
697 2070 947 2160 πρ]ογνιόμονες
970 2071 1041 2140 οὔτ’
1064 2071 1233 2161 ἀ[γαθοῖο]

179 2231 215 2293 et
241 2231 353 2310 postea
382 2227 467 2292 hunc
494 2225 527 2292 in
550 2227 676 2292 modum
699 2225 898 2308 amplificata
918 2226 1005 2292 inter
1028 2225 1240 2308 Orphicornm
1261 2227 1352 2310 hym-

177 2347 291 2395 norum
328 2329 515 2412 iragmenta
547 2327 760 2394 inveniuntur
792 2329 878 2412 apud
910 2328 1093 2394 Johannem
1126 2328 1272 2394 Malalau
1305 2329 1353 2396 IV

178 2451 209 2514 p.
225 2432 364 2499 75-76:
386 2429 510 2516 (Abelii
531 2429 674 2512 Orphica
695 2449 724 2513 p.
742 2431 816 2516 182)

307 2573 410 2652 θῆρες
432 2564 462 2632 τ’
478 2565 596 2632 οἰοινοὶ
618 2591 652 2632 τε
676 2571 811 2651 βροτῶν
833 2563 863 2633 τ’
877 2552 1033 2656 ἀλιτήρια
1057 2571 1148 2652 φῦλα

308 2667 414 2754 ἄχθεα
436 2678 505 2756 γής,
529 2669 651 2736 εἲδάιλα
673 2671 862 2755 τετυγμένα,
885 2670 1019 2756 μηδαμὰ
1041 2673 1146 2757 μηδὲν
1156 2670 1180 2756 ¹)

308 2771 441 2850 εἰδότες,
466 2769 542 2838 orire
564 2786 684 2838 κακοῖο
704 2774 986 2858 προσερχομένοιο
1009 2783 1131 2860 νοῆσαι

309 2873 507 2959 φράδμονες,
531 2871 603 2940 οότ’
618 2871 750 2942 ἄποθεν
771 2873 848 2960 μάλ’
864 2873 1074 2960 ἀποστρέψαι
1095 2874 1289 2962 κακότητος,

309 2975 380 3042 οέτ’
396 2975 528 3062 ἀγαθοῦ
550 2978 736 3062 παρέοντος
758 2977 954 3062 ἐπιστρέψαι
975 3003 1010 3044 τε
1034 2979 1090 3044 καὶ
1113 2977 1204 3063 ἔρξαι

308 3079 420 3164 ἴδριες,
444 3077 528 3144 ἀλλὰ
551 3078 660 3164 μάτιγν
682 3078 870 3166 ἀδαήμονες
892 3078 1108 3168 ἀπρονόητοι.

179 3235 227 3300 Et
256 3239 417 3317 postremo
446 3233 565 3300 iterum
591 3233 835 3301 similitudinem
858 3236 1020 3318 quandam
1043 3237 1217 3302 ostendunt
1238 3254 1352 3304 versus

178 3339 306 3402 eea-3
329 3337 483 3419 prooemii

308 3455 424 3542 νήπιοι
446 3454 626 3542 ἄνθρωποι
649 3455 881 3543 δυστλήμονες,
905 3457 939 3523 οἳ
959 3459 1148 3544 μελεδῶνας

308 3557 466 3638 βούλεσθ’
482 3557 664 3646 ἀργαλέους
685 3584 720 3626 τε
742 3557 870 3635 πόνους
892 3562 948 3625 καὶ
972 3562 1100 3626 στεένεα
1121 3567 1244 3648 θυμῶι.

266 3711 315 3776 De
344 3729 490 3778 sermone
517 3717 551 3778 et
572 3713 700 3779 ratione
722 3713 849 3779 dicendi
868 3713 941 3779 eius
964 3713 1019 3794 qui
1042 3713 1209 3795 Apollonis
1231 3713 1295 3778 iter
1318 3719 1352 3780 et

178 3813 336 3896 templum
364 3815 528 3881 conditum
549 3815 700 3883 narravit
722 3815 887 3900 rhapsodi‚
917 3816 977 3882 hoc
998 3816 1115 3882 saltem
1137 3815 1244 3882 dicere
1266 3816 1352 3900 licet,

179 3917 357 3982 abhorrere
379 3918 421 3982 ab
442 3916 531 3982 illius
546 3916 618 3982 Ohii
640 3917 733 4000 epica
755 3915 982 4002 concinnitate,
1005 3918 1038 3983 id
1057 3919 1142 3998 quod
1156 3917 1351 3984 Ruhnkenio

179 4018 273 4084 inter.
299 4018 420 4084 indicia
451 4019 516 4085 fuit
545 4020 708 4102 prooemia
740 4020 954 4103 disiungenda
987 4038 1065 4088 esse.
1116 4020 1180 4086 Sed
1211 4020 1352 4087 fortasse

179 4143 382 4156 --.-.,-.

266 4191 287 4257 ¹)
313 4188 385 4242 Num
414 4189 488 4242 omni
518 4189 691 4243 tribuendum
721 4193 775 4256 est,
804 4190 875 4257 quod
904 4188 933 4242 in
964 4189 1090 4258 perabasi
1121 4189 1221 4245 Avium
1248 4190 1353 4245 Aristo-

178 4275 357 4343 phanesrum,
385 4273 429 4327 cni
452 4274 561 4343 Orphici
585 4274 723 4344 quidpiam
746 4274 834 4329 inesse
857 4275 969 4344 egregie
991 4275 1130 4344 perspexit
1152 4275 1182 4332 O.
1201 4277 1276 4330 Kern
1300 4276 1353 4343 (De

179 4359 280 4428 Orphei
297 4358 464 4428 Epimenidis
482 4359 644 4428 Pherecydis
661 4361 840 4430 Theogouiis,
858 4359 928 4415 Diss.
940 4361 1028 4415 Barol.
1042 4363 1120 4428 1888,
1139 4378 1164 4430 p.
1177 4362 1222 4429 12)
1244 4361 1353 4416 exordio

178 4441 277 4499 similis
293 4444 438 4512 sententia,
457 4459 618 4512 quamquam
635 4445 768 4500 coloribus
786 4461 820 4500 ex
837 4445 908 4500 alius
924 4445 1032 4516 generis
1043 4445 1176 4516 poematis
1188 4445 1353 4516 depromptis

178 4528 312 4586 recurrit?
