3344 5194
777 548 860 606 πᾶσι
881 546 1059 625 θνητοῖσιν
1082 536 1237 616 ἀνάσσεις

398 638 519 720 ὅσσους
541 643 656 730 Κρήτη
678 641 708 708 τ’
724 642 819 719 ἐντὸς
841 641 983 728 ἔχεικαὶ
1007 644 1110 731 δῆμος
1132 641 1326 729 Ἀθηνέων,1

269 805 446 882 θνητοῖσιν
475 802 509 862 et
539 791 659 871 ὅσσους
681 815 744 861 uno
767 801 800 862 ct
823 797 933 861 eodem
954 795 990 860 in
1012 795 1181 861 enuntiato
1204 795 1444 862 contineantur:

269 899 426 965 Versibus
455 901 590 964 29-30
620 891 894 980 Amphiotioniam
923 897 1089 964 Deliorum
1120 903 1154 963 et
1185 897 1443 982 Atheniensium,

271 1021 367 1083 quam
382 1001 566 1083 Apollinem
582 1001 710 1066 Delium
733 1000 905 1083 praecipue
928 1001 1063 1068 coluisse
1086 1000 1167 1066 satis
1182 1005 1319 1084 constat,
1342 1000 1443 1083 signi-

270 1103 361 1169 ficari
391 1103 492 1186 ducit,
522 1103 717 1168 sententiam
748 1103 798 1168 his
819 1103 889 1168 iere
911 1103 1092 1169 rationibus
1113 1103 1254 1168 firmans.
1297 1103 1444 1168 Primum

270 1210 394 1270 certum
424 1223 494 1270 esse
523 1205 610 1269 inter
639 1205 769 1269 Cretam
798 1209 832 1270 et
861 1204 1006 1270 Atticam
1035 1204 1158 1270 insulas
1181 1204 1447 1286 Amphiotioniae

270 1306 358 1372 illius
381 1307 462 1372 sitas
484 1324 562 1372 esse.
605 1307 769 1372 Accedere
792 1308 876 1387 quod
898 1308 1001 1372 verba
1022 1307 1088 1372 ista
1104 1301 1224 1382 ὅοοοας
1239 1305 1355 1392 Κρήτη
1370 1311 1441 1371 κτλ.

270 1409 372 1474 multo
409 1409 538 1490 aptiora
573 1407 640 1474 sint
676 1410 718 1473 ad
754 1408 909 1475 terminos
940 1409 1028 1474 inter
1060 1427 1139 1490 quos
1170 1409 1315 1474 homines
1348 1411 1443 1474 deum

271 1511 416 1592 quemvis
439 1511 549 1576 colunt
570 1509 805 1594 significandos
828 1511 867 1577 oi.
889 1516 920 1576 B
935 1513 1059 1576 stt-5

400 1647 516 1733 Αὐτὰρ
541 1647 687 1734 θρήίκας
708 1639 760 1734 ἦγ’
774 1647 913 1734 Ἀκάμας
934 1650 990 1714 καὶ
1012 1651 1154 1732 Πείροος
1176 1643 1266 1735 ἥρως

401 1745 522 1825 ὅσσους
541 1748 784 1836 Ἑλλήσποντος
806 1749 972 1836 ἀγάρροος
994 1749 1089 1824 ἐντὸς
1111 1749 1222 1836 ἐέργει,

273 1907 369 1969 quam
392 1889 433 1953 ad
456 1887 640 1969 catalogum
662 1886 841 1952 insularum
863 1886 1088 1971 incipiendum,
1111 1886 1228 1968 quippe
1249 1905 1329 1968 quas
1348 1886 1445 1971 ipsas,

271 2009 336 2056 non
364 1989 487 2055 incolas
517 2008 640 2073 earum,
670 1991 730 2054 dea
756 1988 931 2070 hospitium
953 1989 1090 2072 flagitet.
1131 1990 1302 2071 ¹Postremo
1324 1988 1444 2054 offendi
1538 2061 1541 2068 Δ

272 2094 357 2174 quod
396 2111 481 2158 nunc
518 2091 669 2175 coniungi
705 2091 807 2173 possit
845 2086 1147 2168 ὅοοοος-ιόοοον
1184 2089 1234 2157 ἐπ’
1272 2089 1442 2157 α’ίίνοοοα

273 2193 423 2279 ἄφίκετο.
734 2194 737 2198 ’

358 2297 421 2362 Sed
447 2315 507 2380 ego
530 2296 677 2376 quamvis
698 2296 764 2364 viri
786 2295 963 2362 doctissimi
984 2297 1128 2362 rationes
1150 2296 1445 2376 auctoritatemque

272 2418 467 2483 magnopere
489 2418 651 2484 revereor,
672 2404 783 2464 tamen
805 2419 825 2464 a
847 2399 1004 2482 magistro
1026 2399 1077 2464 his
1100 2401 1140 2464 de
1159 2398 1265 2464 causis
1280 2398 1444 2464 dissentio.

272 2501 416 2568 Primum
442 2501 476 2566 in
498 2501 586 2566 istud
610 2495 910 2576 ὅσσους-τόσσον
933 2519 996 2566 non
1019 2501 1242 2566 offendendum
1266 2519 1335 2565 esse
1357 2504 1444 2583 puto,

273 2623 345 2669 cum
367 2609 397 2668 ίί
414 2604 552 2684 544seq.
574 2603 717 2686 legatur:

403 2751 523 2823 ὅσσον
545 2757 672 2836 Λέσβος
696 2754 767 2822 άναι
789 2756 952 2841 Μάκαρος
975 2755 1049 2831 ἕδος
1071 2755 1166 2831 ἐντὸς
1188 2756 1321 2842 ε’ἐργειῐ)

401 2859 458 2924 καὶ
482 2861 609 2944 Φρυγίη
631 2858 827 2944 καθύπερθε
849 2861 905 2924 καὶ
926 2857 1168 2945 Ἑλλήσποντος
1191 2857 1348 2943 άπείρονν,

401 2970 480 3028 τῶν
504 2979 539 3027 σε
561 2962 668 3047 γέρων
689 2960 841 3026 alodem
862 2986 898 3026 τε
920 2963 976 3026 καὶ
998 2959 1090 3026 didm
1114 2963 1195 3044 φασὶ
1217 2960 1390 3026 κεκάσθαι.

275 3117 321 3182 Et
341 3115 395 3182 hio
416 3116 505 3182 loous
528 3119 561 3181 et
583 3120 613 3180 B
629 3117 789 3204 615-18,
812 3115 867 3196 qui
889 3115 920 3181 ei
942 3114 1056 3181 similis
1079 3121 1129 3181 est

403 3251 439 3318 οἳ
459 3251 488 3318 d'
504 3250 568 3337 άρα
592 3251 810 3336 Βουπράσιον
832 3276 867 3316 τε
890 3254 946 3316 καὶ
964 3249 1080 3317 Ἤλιδα
1105 3253 1180 3317 δίαν
1203 3251 1316 3318 ἔναιον

404 3349 534 3421 ὅσσον
556 3353 609 3437 ἐφ’
623 3353 757 3440 Ὑρμίνη
780 3356 836 3419 καὶ
858 3353 1030 3439 Μύρσινος
1053 3353 1245 3439 ἐσχατόωσα

402 3459 506 3544 πέτρη
528 3456 557 3522 r'
571 3455 698 3543 Ὠλενίη
720 3459 776 3522 καὶ
798 3455 955 3522 Ἀλείσιον
978 3456 1073 3532 ἐντὸς
1095 3457 1205 3542 ἐέργει,

402 3569 487 3626 τῶν
510 3551 552 3624 αὖ
574 3561 729 3644 τέσσαρες
751 3557 847 3645 άρχοὶ
870 3558 958 3638 ἔσαν,

275 3715 355 3782 mihi
384 3715 512 3797 quidem
541 3712 660 3779 indicio
689 3715 826 3780 suntin
855 3715 974 3797 hymno
997 3732 1122 3795 quoque
1145 3709 1446 3790 ὅσσους-τόσσον

275 3838 341 3885 una
369 3818 533 3884 sententia
562 3817 791 3898 comprehensa
820 3815 928 3882 fuisse.
979 3817 1091 3897 Neque
1122 3818 1447 3898 praetermittendum

276 3926 326 3987 est
349 3924 547 4001 quantopere
568 3918 622 3983 hic
643 3919 821 3984 insularum
844 3919 1012 4002 catalogus
1033 3919 1089 3984 illo
1112 3920 1244 3986 navium
1264 3919 1298 3984 in
1312 3925 1343 3986 B
1357 3924 1446 3985 eata-

275 4024 349 4105 logo
378 4021 513 4087 nitatur.
568 4020 694 4086 Deinde
724 4038 820 4101 saepe
848 4020 882 4085 in
911 4019 1035 4101 reliquo
1067 4020 1216 4103 catalogo
1244 4021 1384 4086 insulam
1413 4026 1447 4086 et

276 4127 388 4191 urbem
419 4128 477 4188 aut
505 4122 761 4204 promunturium
794 4122 828 4188 in
858 4122 1045 4188 continente
1073 4123 1160 4188 inter
1190 4141 1224 4188 se
1254 4123 1371 4205 opponi
1399 4123 1446 4188 in-

276 4227 435 4308 venimus3
472 4229 509 4291 ut
545 4224 683 4307 exempli
719 4225 829 4308 gratia
862 4227 902 4290 32
935 4225 1155 4308 Peparethum
1188 4231 1222 4291 et
1254 4227 1363 4309 Aegas
1399 4225 1448 4310 (in

364 4450 384 4520 ¹)
402 4449 486 4519 Quem
505 4463 612 4504 versum
629 4446 776 4518 rhapsodus
794 4450 887 4517 postea
905 4446 934 4504 in
952 4447 1076 4520 catalogo
1092 4447 1184 4516 (versu
1195 4448 1241 4520 37)
1257 4446 1382 4505 imitatus
1399 4451 1448 4503 est.
