3344 5194
1342 453 1381 522 19

210 623 367 712 Euboea),
389 627 429 692 34
452 623 709 692 Samothraciam
732 629 767 692 41
788 625 888 708 Idam,
910 626 1015 692 38—9
1035 623 1148 692 ouium
1171 629 1205 692 41
1224 623 1385 692 Mimanta

210 727 456 812 Coryciumque,
485 729 524 794 41
557 727 687 794 Samum
717 731 751 794 et
780 727 942 812 Mycalen,
971 728 1012 792 42
1040 728 1137 796 Coum
1167 733 1201 793 et
1226 727 1384 811 Miletum,

211 831 252 896 43
274 829 473 912 Carpathum
497 835 530 896 41
553 829 701 914 Cnidum,
730 847 865 910 quorum
887 833 964 896 sunt
986 849 1069 912 quae
1090 829 1219 914 longius
1241 829 1327 896 11141
1349 849 1384 896 44
1469 838 1471 844 ’

210 931 342 1015 distent,
364 937 401 998 ut
423 931 581 1015 imprimis
600 931 720 1015 Scyrus
742 935 776 996 et
791 932 943 998 Phocaea
964 932 998 997 in
1021 935 1071 998 35.
1114 934 1292 998 Praeterea
1313 930 1384 998 sine

210 1034 309 1100 Creta
330 1038 364 1099 41
379 1034 518 1100 Athenis
540 1034 628 1100 orbis
643 1033 699 1099 ille
715 1033 894 1100 insularum
909 1035 1237 1116 paeninsularumque
1251 1053 1383 1100 mancus

211 1141 309 1219 esset,
343 1123 428 1202 nam'
447 1135 534 1202 11141
563 1136 724 1218 Aeginam
757 1141 790 1201 et
824 1136 1023 1218 Carpathum
1058 1137 1200 1218 spatium
1232 1155 1383 1219 magnum

210 1239 429 1306 intercederet
473 1239 560 1322 (nam
605 1240 732 1323 Naxus,
780 1240 899 1322 Parus,
943 1240 1099 1306 Rhenaea
1141 1239 1231 1305 intra
1273 1241 1384 1306 orbem

209 1341 293 1408 sitae
319 1347 396 1408 sunt
418 1342 500 1408 Delo
523 1341 718 1426 proximae),
747 1341 810 1406 nisi
833 1341 951 1408 Cretae
973 1342 1240 1422 Athenarumque
1262 1341 1382 1408 mentio

210 1443 311 1510 114141.

295 1547 358 1613 Sed
380 1545 512 1614 maximi
534 1565 604 1612 4444
626 1545 779 1612 momenti
800 1547 842 1612 ad
861 1545 1058 1612 sententiam
1072 1564 1177 1612 meam
1192 1545 1382 1612 firmandam

209 1649 295 1716 locos
317 1650 396 1714 duos
419 1648 552 1714 Hesiodi
574 1647 740 1732 personati
763 1651 856 1730 duco,
879 1667 1013 1728 quorum
1036 1648 1120 1713 alter
1142 1648 1177 1714 in
1198 1649 1382 1732 fragmento

210 1752 447 1836 Catalogorum,
474 1753 557 1834 quod
587 1751 733 1818 Helenae
763 1750 859 1817 Prooi
891 1749 1090 1816 nominatum
1121 1755 1184 1834 441,
1217 1769 1320 1832 nuper
1348 1751 1383 1816 in

208 1856 360 1939 Aegypto
389 1855 503 1920 effosso
534 1853 702 1938 (Berliner
735 1853 1035 1920 Klassiker-Texte
1069 1854 1194 1920 HeftV
1225 1857 1251 1920 1.
1267 1853 1381 1919 Halite

208 1976 281 2040 pag.
297 1959 350 2040 31,
373 1956 429 2022 col.
448 1957 488 2042 1),
515 1957 601 2024 41141
626 1956 660 2022 11
683 1954 860 2022 certamine
883 1955 1016 2024 Homeri
1039 1961 1073 2024 41
1095 1956 1229 2044 Hesiodi
1251 1955 1381 2041 legitur,

208 2058 457 2141 4185574411.
1210 2048 1243 2064 ''

293 2179 443 2263 Catalogi
465 2180 684 2264 fragmentum
706 2180 788 2246 haec
810 2179 958 2252 exhibet:

333 2402 418 2477 Αἴας
441 2401 470 2468 δ’
490 2401 702 2486 ίξαλαμεῖνος
725 2399 903 2488 όμιίμητος
923 2401 1124 2489 πολεμιστὴς

333 2513 456 2589 potino·
482 2505 577 2568 δίδου
601 2503 630 2568 δ
646 2501 710 2588 όρα
734 2503 813 2576 ίδνα
836 2503 979 2582 ἐοικότα,
1003 2503 1160 2590 θαυματὰ
1184 2503 1271 2590 ἔργα.

334 2607 370 2672 οἳ
389 2605 452 2692 γὰρ
475 2605 551 2691 ἔχον
580 2611 740 2693 Τροιζῆνα
763 2608 819 2671 καὶ
842 2605 1002 2692 ἀγχίαλον
1023 2605 1223 2690 Ἐπίδαυρον

334 2718 439 2795 νῆσον
461 2707 490 2774 τ’
507 2709 665 2794 Αἲγειναν
688 2707 832 2793 Μόοητό
855 2733 888 2773 τε
913 2717 1031 2792 κοῦροι
1053 2707 1191 2794 Ἀχαιῶν

334 2813 389 2877 καὶ
413 2813 550 2896 Μέγαρα
575 2810 729 2876 σκιόεντα
751 2813 807 2875 καὶ
832 2809 1021 2893 όηρνόεντα
1045 2811 1219 2896 Κόρινθον

332 2912 506 2998 Ἑρμιόνην
529 2915 658 2997 Ἀσίνην
680 2937 713 2978 τε
737 2913 841 2996 παρὲξ
864 2907 928 2977 ἅλα
951 2913 1166 2992 ναιεταώσας,

334 3025 404 3082 τῶν
427 3014 522 3098 ίηατ’
539 3015 710 3090 εἰλίποδας
731 3039 764 3080 τε
789 3014 872 3094 βόας
894 3017 949 3080 καὶ
973 3015 1047 3097 ipra
1069 3021 1157 3102 μῆλα

336 3117 518 3192 σννελόσας
541 3117 671 3196 διόσιιν,
696 3117 853 3183 ε’κίκαστο
877 3117 939 3202 γὰρ
963 3116 1049 3202 ίγχεῖ
1069 3128 1195 3202 μακρῷ,

206 3294 240 3356 41
262 3290 356 3374 Agon
379 3288 513 3354 Homeri
535 3293 569 3354 et
591 3287 725 3354 Hesiodi
748 3287 809 3373 (ed.
832 3289 951 3354 Rzaoh.
974 3305 1002 3370 p.
1018 3289 1111 3373 448);

334 3427 368 3492 οἳ
391 3425 545 3512 δ”Ἀργος
567 3425 596 3492 τ’
613 3422 703 3510 εἰχον
730 3425 877 3510 'lips-mici
899 3451 934 3492 τε
956 3426 1161 3510 τειχιόεσσαν

331 3528 509 3614 Ἑρμιόνην
530 3527 560 3593 τ’
575 3527 704 3614 Ἀσίνην
726 3553 770 3606 τε,
794 3528 907 3608 deod-r
929 3528 1014 3594 κατὰ
1037 3527 1166 3594 κόλπον
1189 3529 1336 3614 ἕχοόσοις,

340 3629 487 3716 Τροιζῆν’
504 3629 635 3706 Ἠιόνος
656 3656 691 3696 τε
714 3633 770 3696 καὶ
794 3629 989 3715 όμπελόεντ)
1004 3629 1204 3715 Ἐπίδαυρον

333 3743 438 3819 νῆσον
459 3732 489 3798 τ’
505 3734 647 3818 Αἴγιναν
670 3732 811 3819 Μόσητό
833 3758 869 3798 τε
891 3742 1009 3817 κοῦροι
1031 3731 1177 3817 Ἀχαιῶν,

333 3846 404 3901 τῶν
426 3828 505 3900 αὖθ’
521 3834 695 3920 ἡγεμόνενε
720 3835 805 3921 βοὴν
828 3834 956 3920 ἀγαθὸς
979 3835 1154 3922 Διομήδης.
1184 3826 1186 3830 ’

205 4008 353 4089 Denique
374 4009 409 4074 in
431 4007 536 4074 Iliade
558 4012 632 4090 post
653 4012 684 4072 Β
699 4009 760 4072 557
778 4025 843 4088 seq.

333 4145 418 4220 Αίας
441 4143 470 4210 δ’
486 4145 522 4210 ἐκ
545 4148 739 4228 Σαλαμῖνος
762 4143 841 4229 όγεν
864 4144 924 4209 δίο
947 4147 1004 4209 καὶ
1027 4146 1105 4210 δέκα
1127 4154 1211 4230 νῆας

334 4257 432 4334 στῆσε
455 4246 485 4312 δ)
501 4245 593 4332 ἄησιν
616 4245 659 4312 ἵν’
674 4245 861 4332 Ἀθηναίων
884 4245 1019 4312 ἵσταντο
1044 4246 1210 4332 φάλαγγες

204 4418 307 4486 eidem
329 4425 428 4501 atque
451 4419 485 4484 in
506 4438 611 4502 agone
633 4423 812 4499 sequuntur
834 4437 960 4485 versus:
988 4419 1021 4484 οἳ
1044 4417 1198 4505 δ”Αργος
1220 4424 1290 4484 κτλ.
1313 4420 1377 4486 1141

204 4524 288 4610 quod
310 4521 345 4590 οἳ
364 4520 394 4589 τ’
410 4520 487 4610 ἔχον
509 4521 652 4612 Αἴγιναν
673 4539 732 4610 pro
755 4531 859 4610 νῆσον
881 4520 910 4589 τ’
926 4521 1078 4614 Αἴγιναν,
1101 4521 1232 4612 legitur.
