3344 5194
426 429 467 502 lo

426 607 626 692 quaestione,
664 625 734 674 cum
767 604 915 674 Allenius
949 600 1157 688 Sikesiusque
1190 602 1340 673 similiter
1372 602 1616 674 indicaverim

425 710 490 776 iam
512 711 634 794 pagina
653 713 692 774 10
715 711 791 775 dixi.
835 710 988 799 Concedit
1008 710 1135 790 quidem
1155 709 1374 775 Kirchhoifius
1393 729 1535 777 versus
1560 711 1616 774 illc

426 818 612 878 contextum
647 814 796 895 turbare,
837 814 893 876 sed
926 811 1089 876 minimam
1124 813 1209 877 hanc
1246 811 1479 876 turbationem
1519 831 1616 894 neqn

369 985 370 988 ,
426 915 524 980 ullius
551 934 621 980 esse
642 916 796 980 momenti
818 915 973 998 affirmat,
1000 917 1167 980 dnmmodo
1190 915 1232 979 ab
1255 914 1359 979 altero
1382 915 1558 997 hymnus,
1586 915 1616 978 ir

425 1018 554 1085 vocatio
577 1020 619 1083 ab
642 1019 764 1102 alteria,
787 1019 847 1083 hoc
870 1023 919 1083 est
942 1038 962 1082 a
983 1017 1107 1101 puellis,
1130 1023 1265 1084 cantata
1285 1017 1335 1082 sit.
1380 1019 1435 1082 De
1454 1017 1616 1082 clausuli

425 1135 518 1205 χαῖρε
541 1125 573 1185 et
596 1122 652 1185 καὶ
676 1120 716 1186 σὺ
738 1145 799 1206 μεν
821 1115 911 1186 οὕτω
934 1135 1034 1206 χαῖρε,
1058 1123 1098 1186 de
1113 1134 1265 1187 versuum
1283 1124 1320 1186 17
1337 1121 1532 1206 κεκλιμένη
1552 1125 1616 1186 κτλ

426 1227 460 1288 ct
491 1225 531 1287 26
561 1228 735 1289 κλινθεῖσα
765 1228 835 1288 κτλ.
866 1222 1089 1308 similitudine,
1119 1225 1159 1289 de
1188 1223 1373 1288 fabularum
1404 1223 1616 1290 diversitati

426 1325 508 1390 nihil
531 1325 622 1390 dixit.

512 1427 667 1493 Versibus
703 1431 873 1494 rra-,181
907 1429 1058 1513 alteram,
1091 1448 1284 1509 quamquam
1318 1432 1532 1513 truncatam,
1571 1429 1616 1493 in·

426 1530 628 1597 vocationem
645 1534 678 1595 et
697 1529 731 1595 in
746 1531 930 1613 Apollinem
945 1531 1085 1613 quidem,
1109 1530 1268 1596 contineri
1283 1535 1390 1614 putat,
1415 1532 1462 1596 ab
1488 1531 1616 1596 eisdem

425 1633 542 1714 puellis
566 1637 739 1698 cantatam.
782 1633 845 1698 Sed
867 1633 967 1698 talem
989 1634 1169 1716 puellarum
1193 1638 1323 1699 cantum
1345 1633 1479 1699 heroico
1505 1638 1616 1698 metro

426 1723 635 1817 compositum
661 1735 761 1801 luisse
784 1736 872 1800 nullo
895 1738 986 1801 modo
1009 1754 1029 1801 a
1051 1755 1102 1800 me
1124 1735 1300 1818 impetrare
1321 1753 1453 1817 possum
1477 1741 1518 1800 ut
1543 1754 1616 1800 cre·

426 1840 508 1904 dam.
562 1837 685 1902 Eadem
719 1839 758 1902 de
791 1856 889 1903 causa
918 1837 989 1903 viro
1019 1856 1140 1902 summo
1170 1837 1329 1903 adsentiri
1358 1856 1499 1921 nequae,
1537 1857 1612 1902 cum

425 1941 580 2023 hymnum
608 1939 777 2005 Deliacum
814 1942 856 2005 ad
889 1939 1051 2022 virginum
1087 1941 1294 2008 saltationem
1328 1945 1501 2006 cantatum
1537 1958 1609 2006 esse

425 2047 530 2124 putat.
1404 2111 1408 2118 ,

512 2145 661 2210 Ceterum
680 2144 730 2210 ita
750 2146 789 2210 de
809 2163 958 2211 versuum
979 2147 1103 2210 22-23
1125 2150 1158 2210 et
1176 2147 1298 2210 lle-5
1319 2145 1406 2210 inter
1421 2164 1457 2210 se
1472 2144 1604 2210 ratione

427 2247 550 2312 iudicat
587 2252 700 2328 atque·
723 2266 797 2331 ego,
834 2248 974 2328 itemque
1011 2249 1160 2314 lacunam
1196 2253 1270 2330 post
1302 2268 1332 2314 v.
1355 2251 1395 2330 29
1429 2261 1494 2312 non
1527 2252 1603 2328 post

427 2352 467 2414 30
504 2350 635 2433 statuit,
672 2369 801 2415 versum
840 2353 900 2415 126
937 2343 1059 2415 allutea
1095 2349 1287 2435 τοξοφόρον
1323 2355 1392 2416 κτλ.
1429 2369 1469 2415 ex
1504 2369 1533 2415 v.
1558 2351 1597 2414 13

426 2452 601 2534 repetitum
634 2471 704 2518 esse
735 2453 917 2517 arbitratur
946 2452 999 2537 (cl.
1025 2473 1055 2534 p.
1072 2452 1134 2536 14).
1160 2526 1162 2531 ,
1189 2453 1280 2535 Quod
1309 2471 1387 2519 vero
1417 2472 1445 2519 v.
1466 2454 1595 2516 81-82

427 2553 561 2640 ἔμμεναι
585 2553 781 2638 ἀνθρώπων
803 2560 872 2620 κτλ.
896 2574 912 2618 c
935 2555 1096 2636 prooemio
1119 2555 1258 2636 Pythico
1280 2554 1410 2619 fluxisse
1433 2560 1466 2620 et
1488 2574 1516 2620 v.
1532 2557 1593 2619 173

426 2658 596 2723 delendum
619 2675 689 2722 esse
704 2661 808 2741 putat,
831 2675 895 2722 non
910 2661 999 2722 recto
1014 2656 1158 2721 iudicare
1173 2657 1253 2721 mihi
1267 2656 1406 2723 videtur.
1448 2657 1592 2736 Denique

426 2778 623 2825 communem
653 2759 833 2841 opinionem
863 2765 991 2825 secutus
1021 2777 1097 2824 casu
1119 2759 1241 2848 factum
1265 2777 1334 2824 esse
1357 2759 1533 2824 arbitratur
1554 2764 1591 2824 ut

426 2863 461 2928 hi
494 2864 555 2927 duo
589 2862 701 2945 hymni
731 2862 893 2927 coniuncti
922 2861 957 2926 in
986 2861 1147 2948 codicibus
1169 2861 1296 2927 nostris
1325 2863 1484 2946 legantur,
1516 2881 1587 2926 nam

384 3010 385 3013 ,
427 2965 563 3031 alterius
596 2964 703 3049 finem,
735 2965 864 3030 initium
895 2964 1030 3030 alterius
1059 2965 1230 3046 deperdita
1256 2983 1326 3030 esse
1359 2964 1450 3029 unius
1480 2965 1585 3030 arche·

428 3069 501 3150 typi
522 3067 664 3151 paginae
685 3068 814 3133 iactura
835 3072 941 3149 putat.

512 3275 551 3339 In
574 3275 678 3340 altero
702 3274 808 3356 capite
831 3277 871 3340 de
893 3274 1131 3340 imitationibus
1146 3273 1326 3340 Homericis
1348 3273 1461 3356 agitur.
1495 3272 1577 3359 Quod

429 3383 526 3460 caput
548 3378 612 3443 alio
634 3378 703 3443 loco
725 3377 847 3460 publici
869 3378 949 3443 iuris
971 3377 1098 3443 faciam.
