3344 5194
188 613 223 677 et
244 629 275 678 v.
290 611 416 680 oea-3

317 731 462 818 χειρὸς
492 731 575 799 dab
606 738 816 820 στιβαρῆς
860 784 1172 802 .......
1266 821 1269 828 Ι

419 887 427 902 .
470 887 477 902 .
521 833 606 918 αἰιρλ
631 837 663 902 ὁὶ
688 849 788 922 γαῖα
811 837 1044 920 φερέσβιος
1065 835 1257 922 ἐσμαράγιζε

189 971 309 1054 (neque
330 971 416 1037 enim
438 971 606 1038 invenitur
628 973 803 1056 omimium
825 973 910 1054 apud
933 971 1131 1058 Homerum),

189 1143 260 1190 cnm
286 1143 317 1192 r.
332 1127 394 1192 343

319 1243 363 1312 ἐκ
392 1245 552 1312 τούτου
583 1245 631 1334 δὴ
662 1245 813 1330 ἔπειτα
836 1245 1041 1330 τελεσφόρον
1064 1245 1109 1322 εἰς
1131 1245 1287 1312 ἐνιαυτὸν

189 1399 354 1482 Theogou.
375 1401 437 1466 562

319 1517 361 1586 ἐκ
391 1517 552 1586 τούτου
582 1518 629 1606 δὴ
661 1518 808 1586 ἔπειτα
837 1525 918 1600 κτλ,

188 1655 330 1722 formula
352 1655 394 1722 ab
417 1655 556 1722 Homero
578 1655 695 1738 aliena,

189 1828 262 1876 cum
288 1829 318 1878 v.
333 1813 393 1876 351

320 1927 339 2018 ἡ
368 1929 402 1996 d'
423 1929 524 1998 ἔην’
543 1929 631 1998 orire
660 1939 770 2008 θεοῖς
792 1931 1019 2018 ἐναλίγκιον
1042 1929 1131 1998 οὔτε
1154 1939 1363 2018 βροτοῖσιν

190 2085 355 2170 Theogon.
377 2087 504 2152 aut-6

321 2203 340 2292 r}
365 2205 394 2270 δ’
410 2203 492 2270 ἔτεκ’
509 2203 591 2272 ἄλλο
613 2205 768 2290 αι’λοιρον
791 2203 964 2292 ἀμήχανον
986 2204 1086 2272 odoi
1109 2205 1256 2282 ἐοικὸς

319 2313 459 2394 θνητοῖς
482 2305 739 2394 ἀνθρώποις
761 2307 834 2376 οὔδ’
854 2307 1056 2376 ἀθανάτοισι
1078 2316 1263 2377 θεοῖσιν.

651 2657 714 2664 ι--ι-
745 2657 903 2664 „noa-—

689 2977 795 3060 Caput
816 2977 872 3043 IV.

334 3121 393 3192 De
420 3122 585 3204 Hymno
612 3121 656 3191 in
682 3121 922 3204 Apollinem
947 3121 1228 3206 Delphinium.

280 3285 446 3352 Neminem
468 3285 523 3367 qui
546 3285 709 3368 prooemio
730 3291 843 3354 nostra
858 3285 939 3369 legit
954 3285 1068 3370 ingere
1083 3291 1199 3371 potest,
1222 3305 1293 3352 cnm
1308 3305 1367 3368 per

192 3394 298 3457 totum
321 3407 451 3454 carmen
472 3387 698 3470 usurpationes
713 3389 905 3455 Homericae
927 3389 1009 3454 satis
1028 3389 1162 3456 crebrae
1177 3389 1251 3473 sint,
1273 3407 1366 3472 prae-

193 3492 288 3576 cipue
313 3496 423 3558 tamen
448 3491 482 3556 in
510 3495 656 3556 extrema
681 3497 776 3573 parte
802 3491 878 3557 inde
904 3511 924 3556 a
950 3509 1048 3558 versu
1069 3493 1132 3558 388
1157 3491 1310 3558 maiorem
1332 3492 1367 3558 in

192 3597 321 3661 modum
348 3611 461 3660 versus
486 3599 520 3658 et
548 3593 693 3676 integros
716 3598 750 3658 et
772 3593 957 3660 dimidiatos
978 3613 1019 3659 ex
1040 3593 1201 3660 iliade-et
1223 3593 1368 3677 Odyssea

193 3700 380 3780 desumptus
402 3697 579 3778 abundare,
602 3695 665 3761 imo
687 3696 826 3762 tantulis
848 3695 1033 3765 intervallis
1054 3696 1198 3780 singulos
1220 3715 1291 3762 sese
1313 3717 1367 3763 ex·

193 3800 315 3882 cipere,
341 3805 379 3865 ut
404 3798 473 3864 iere
500 3797 644 3864 centonis
666 3797 831 3864 Homerici
852 3800 933 3864 haec
955 3818 1031 3881 pars
1053 3799 1159 3865 instar
1180 3800 1233 3866 sit.
1276 3800 1367 3884 Quae

192 3921 248 3968 res
270 3900 483 3985 Wiudischio,
513 3900 568 3982 qui
597 3903 681 3982 quod
709 3901 809 3966 sciam
831 3901 953 3983 primus
975 3901 1108 3968 Homeri
1130 3902 1367 3968 imitationibus

192 4006 246 4072 his
272 4005 307 4070 iu
333 4004 502 4087 prooemiis
525 4003 709 4070 accuratius
730 4003 925 4087 indagandis
947 4023 1057 4070 curam
1079 4003 1241 4090 adhibuit,
1271 4023 1367 4088 argu·
1492 4027 1496 4035 ·

192 4111 304 4174 mento
326 4113 407 4189 erat,
431 4111 558 4188 partem
579 4110 773 4188 postremam
796 4105 918 4188 Hymni
939 4105 1071 4189 Pythici
1093 4107 1325 4174 Ruhnkeniani
1347 4127 1368 4173 a

191 4211 355 4292 rhapsodo
370 4210 506 4290 quodam
523 4208 586 4274 ulio
602 4209 758 4290 originem
770 4209 920 4275 traxisse.
942 4209 1028 4276 Huic
1042 4210 1225 4276 sententiae
1236 4228 1367 4293 prorsus

193 4311 385 4394 adstipulor.
421 4311 504 4376 Nam
526 4311 638 4393 hymni
653 4311 785 4394 Pythici
803 4311 908 4393 prima
922 4313 956 4377 in
971 4317 1074 4397 parte,
1096 4313 1116 4378 i.
1129 4332 1154 4378 e.
1169 4312 1204 4378 in
1219 4313 1367 4379 versibus

194 4417 373 4482 179-304
406 4419 440 4478 et
472 4415 657 4496 356-387,
694 4413 832 4479 CLVIII
864 4433 1006 4498 numero,
1045 4433 1158 4482 versus
1190 4415 1367 4480 homericos

192 4517 337 4606 quinque
363 4515 520 4608 integros,
547 4515 766 4606 quadraginta
788 4535 846 4587 sex
868 4516 1063 4604 dimidiatos,
1091 4523 1127 4584 at
1148 4516 1182 4584 in
1204 4521 1367 4603 postrema
