3344 5194
1312 465 1353 530 29

177 637 258 720 352,
291 635 347 718 qui
379 635 463 703 idem
493 641 544 704 est
573 655 612 703 oc
641 639 703 703 300
711 636 745 722 ¹),
774 635 916 702 eiusdem
945 653 1058 702 versus
1086 634 1249 720 repetitio,
1271 654 1355 717 quoe

178 739 311 821 quidem
332 738 486 822 prooemii
501 737 615 823 Pythii
637 739 768 822 propria
790 743 874 805 sunt.
917 739 1085 806 Accedunt
1107 737 1250 822 vestigio
1271 757 1356 820 qnae

177 841 327 908 indicere
362 841 528 916 videntur,
564 842 625 908 hoe
661 841 814 908 carminis
850 842 890 908 de
922 841 1100 924 Typhscne
1135 840 1355 924 fragmentum

178 943 322 1028 Pythice
349 944 467 1026 hymno
490 943 655 1025 antiquius
678 961 756 1010 esse.
813 943 896 1009 Nam
929 941 1008 1008 mihi
1041 941 1168 1024 quidem
1200 942 1355 1009 videntur

179 1065 297 1114 versus
326 1048 388 1112 302
410 1065 487 1130 pars
509 1045 625 1112 ultima
647 1051 681 1112 et
702 1064 817 1114 versus
839 1048 901 1112 303
924 1063 964 1111 ex
987 1045 1075 1112 illius
1096 1063 1194 1114 versu
1216 1047 1277 1110 355
1300 1046 1353 1110 de-

180 1147 325 1232 fluxisse,
354 1147 409 1230 qui
439 1147 618 1232 exemplum
649 1147 818 1232 utriusque
847 1166 1012 1214 commune
1034 1147 1239 1214 Homericum
1262 1165 1354 1214 socu-

180 1249 287 1318 rutins
309 1251 417 1318 reddit
439 1253 532 1318 1540

313 1419 349 1500 ὃς
371 1421 457 1490 κακὰ
479 1421 578 1490 πόλλ’
600 1421 741 1508 ἔρδεσκε.

268 1610 360 1694 Quod
393 1629 470 1676 vero
507 1609 661 1677 dixerunt
693 1609 799 1676 critici
832 1629 945 1678 versus
978 1613 1159 1678 305-355
1192 1611 1355 1678 Hesiodea

180 1713 320 1794 quadam
343 1711 451 1781 indole
473 1731 555 1796 esse,
577 1719 666 1780 recto
689 1713 850 1796 dixerunt,
872 1713 935 1778 nisi
957 1715 1041 1795 quod
1063 1714 1163 1780 etiem
1184 1714 1355 1780 homericis

178 1815 431 1898 imitationibus,
461 1821 498 1882 ut
524 1815 625 1898 ipsius
648 1815 782 1882 Hesiodi
804 1815 912 1898 Opere
934 1821 969 1882 et
991 1816 1191 1900 Theogonis,
1216 1821 1354 1883 scatent.

179 1917 340 1998 Equidem
374 1917 423 1984 his
456 1917 490 1984 in
524 1919 551 1984 L
578 1919 726 1986 versibus
756 1917 865 2000 plures
893 1918 980 1986 locos
1008 1919 1189 1984 sententies
1215 1923 1304 1984 certe
1326 1919 1355 1984 si

178 2039 245 2086 non
267 2019 339 2104 ipse
361 2021 463 2088 verba
484 2021 624 2086 locorum
641 2021 873 2087 Hesiodeorum
892 2023 1073 2106 reddentes,
1095 2021 1175 2087 mihi
1190 2021 1354 2088 invenisse

178 2121 305 2206 videor,
335 2141 430 2204 quern
460 2123 494 2190 in
520 2123 644 2204 reliquo
675 2124 794 2206 hymno
824 2127 902 2190 toto.
957 2123 1011 2190 Sic
1033 2123 1127 2190 verbi
1148 2123 1258 2207 gretie
1280 2141 1354 2189 con-

178 2225 330 2291 ferentur
352 2244 423 2291 cnm
445 2225 594 2292 versibus
616 2227 741 2292 sos-9

310 2369 378 2444 εὖτ’
393 2377 458 2464 δρα
482 2379 521 2466 δὴ
546 2381 713 2465 Κρονίδης
735 2379 887 2464 ἑρικνδεά
910 2379 1032 2466 γείνατ’
1048 2379 1191 2468 Ἀθήνην

309 2481 352 2548 ἰν
374 2491 581 2568 τορνιιῆι·
606 2479 627 2569 ἢ
650 2481 679 2548 δ’
695 2479 779 2568 αἶψα
801 2482 976 2568 χολώσατο
998 2482 1121 2550 πότνια
1138 2479 1222 2569 Ἥρη

180 2651 316 2719 Hesiodi
338 2651 546 2737 Theogonius
569 2671 682 2722 versus

236 2791 363 2856 ent-5

310 2907 413 2984 αδτδς
436 2907 466 2974 δ’
481 2909 517 2975 ἐκ
540 2915 688 2996 κεφαλῆς
710 2909 927 2996 γλαυκώπιδα
955 2913 1182 2997 Τριτογένειαν

312 3010 425 3098 δεινὴν
447 3011 682 3098 ἐγρεκύδοιμον
704 3017 774 3078 κτλ.

182 3169 217 3230 et
248 3164 467 3248 fragmentum
500 3185 520 3232 a
550 3165 728 3249 Chrysippo
757 3171 923 3233 servatum
932 3167 958 3252 ²)
988 3169 1074 3249 opud
1103 3167 1262 3234 Gelenum
1292 3167 1366 3270 (De.

182 3265 382 3350 Hippocrate
404 3273 438 3334 et
459 3268 597 3336 Plutone
619 3267 679 3334 ΠΙ.
695 3269 728 3354 8)

437 3422 500 3510 τὴν
521 3424 581 3508 μὲν
604 3421 709 3488 ἔτικτε
730 3422 841 3510 πατὴρ
865 3423 1000 3508 ἀνδρῶν
1021 3449 1057 3490 τε
1079 3431 1172 3491 θεῶν
1194 3449 1230 3490 τε

310 3522 395 3608 πὰρ
418 3523 614 3610 κορυφὴν
642 3527 806 3609 Τρίτωνος
828 3523 879 3592 ἐπ’
896 3522 1051 3610 ὄχθηισιν
1072 3525 1247 3611 ποτάμοιο.

268 3671 426 3777 Similiter
447 3729 518 3778 cnm
541 3655 637 3779 veisu
659 3714 721 3779 313

310 3856 454 3933 πρῶτος,
478 3848 548 3914 ἐπεὶ
569 3846 602 3933 μ’
619 3847 778 3934 ἄλοχον
799 3848 1012 3936 ποιήσατο
1035 3847 1125 3916 κέδν’
1141 3850 1310 3917 εἰδυῖαν

270 4103 291 4169 ¹)
317 4101 390 4156 Fieri
417 4107 508 4156 tumen
534 4107 637 4172 potest,
665 4109 696 4158 ut
723 4121 747 4158 v.
766 4106 817 4160 306
843 4103 933 4172 potins
957 4103 982 4158 ei
1005 4109 1101 4173 poetee
1124 4105 1284 4162 tribuendus
1307 4108 1352 4176 sit,

185 4185 232 4252 qui
249 4186 298 4239 hoc
315 4187 463 4255 episodinm
481 4187 580 4255 hymno
598 4188 750 4257 Apollinari
768 4189 890 4256 inseruit,
909 4188 950 4243 ite
961 4193 993 4243 ut
1005 4206 1030 4244 v.
1040 4191 1090 4246 352
1102 4191 1246 4260 exemplar,
1264 4209 1289 4247 v.
1301 4195 1352 4250 306

184 4269 303 4324 imitatio
320 4272 364 4325 sit.

269 4345 292 4424 ’γ
309 4357 349 4410 De
367 4357 425 4412 eius
442 4358 591 4427 fragmenti
609 4359 766 4428 Chrysippei
785 4367 813 4415 et
830 4360 910 4414 huius
928 4361 960 4414 de
978 4361 1125 4430 Typheone
1143 4363 1268 4416 carminis
1280 4363 1353 4419 inter

183 4456 213 4494 se
231 4440 336 4494 ratione
353 4442 445 4497 vident
462 4443 547 4499 lector
564 4459 632 4511 quae
650 4446 785 4508 Usenerus
803 4453 831 4502 et
848 4461 872 4499 v.
891 4445 960 4509 hiess
978 4432 1007 4500 i'n
1025 4447 1116 4502 Museo
1133 4447 1264 4511 Rheneno
1281 4449 1351 4514 LVI.

183 4527 236 4585 167
252 4525 422 4605 seripserunt,
