3344 5194
379 632 415 700 et

218 773 259 838 57
304 767 482 856 ι’ἱιθραιποί
504 793 558 836 τοι
579 765 702 844 τιόνιες
725 761 981 854 ύγινόσουσ’
1004 761 1252 852 ἑκατόμβας.

174 925 343 992 Postremo
365 927 492 990 250-3

305 1059 406 1148 η’μὶν
430 1053 502 1128 όσοι
526 1057 789 1146 Πελοπόννησον
810 1059 943 1144 πίειραν
966 1056 1098 1143 ἔχουσιν

305 1161 365 1250 ἠδ’
382 1158 455 1230 όσοι
479 1161 649 1248 Εύριότιην
671 1187 704 1228 τε
728 1164 784 1228 καὶ
808 1159 1079 1247 όμφιρύτοις
1100 1157 1186 1224 κατὰ
1201 1155 1347 1245 νήσους

304 1265 579 1352 χρησόμενοι·
606 1277 716 1330 τοῖσιν
743 1265 776 1330 δὲ
804 1262 836 1328 κ’
858 1261 923 1350 ἐγώ
950 1263 1159 1348 νημερτέα
1186 1259 1348 1347 βουλὴν

303 1377 385 1434 πᾶσι
408 1365 635 1454 θεμιστεύοιμι
656 1367 764 1452 χρίων
786 1365 835 1432 ἐνὶ
856 1367 951 1432 πίονι
973 1373 1058 1451 νηῶι
1171 1369 1175 1376 “

175 1557 234 1624 hos
255 1562 324 1624 tres
346 1575 460 1624 versus
481 1555 655 1624 imitantur

218 1697 258 1762 21
304 1691 407 1782 ἠμὲν
429 1691 483 1760 ἄν’
498 1691 637 1782 ἤπειρον
658 1691 891 1780 πορτιτρόφον
913 1689 981 1780 ἠδ’
996 1689 1060 1759 α’νὰ
1083 1689 1207 1780 νήσους

217 1797 259 1862 27
304 1794 416 1882 Δόλων
432 1795 468 1862 ἐν
483 1793 667 1882 ιῖμφιρύιηι
683 1793 753 1880 (sed
768 1795 866 1862 etiam
890 1819 911 1860 α
923 1795 964 1862 50
980 1793 1086 1881 νήσωι
1101 1793 1137 1860 ἐν
1153 1791 1348 1879 όμφιρότη.)

198 1901 259 1965 132
302 1895 445 1986 χρήσω
469 1895 728 1984 δ’όιθρώτιοισι
751 1897 830 1973 Διὸς
852 1897 1064 1985 νημερτέα
1086 1894 1294 1984 βοαλήνῙ).

260 2085 396 2153 Accedit
415 2087 499 2168 quod
520 2085 620 2154 etiem
635 2085 823 2168 ceteroquin
838 2090 890 2154 tot
904 2086 966 2152 heo
980 2083 1014 2152 in
1029 2089 1125 2170 perte
1139 2083 1350 2168 repetitiones

176 2193 362 2274 ooourrunt,
399 2193 436 2256 nt
469 2187 522 2254 hio
555 2189 734 2272 rhapsodus
767 2207 823 2256 ees
856 2207 953 2270 quern
985 2187 1125 2254 maxime
1157 2187 1192 2254 in
1224 2185 1349 2254 deliciis

175 2291 328 2358 habuisse
350 2290 511 2360 videatur.

260 2395 370 2460 Primo
398 2413 513 2462 versus
542 2395 605 2462 229
639 2393 738 2460 ἔνθεν
772 2394 805 2460 ὁὶ
836 2393 990 2480 προτέρα]
1020 2391 1104 2469 ἔκιες
1133 2397 1203 2460 κτλ.
1231 2391 1349 2460 iterum

174 2499 237 2564 239
266 2497 401 2564 tertiurn
426 2499 489 2564 277
519 2496 629 2566 verbis
658 2495 771 2564 iisdem
793 2497 966 2580 repetitum
997 2501 1031 2563 et
1052 2513 1137 2578 quoe
1159 2498 1221 2562 246
1244 2495 1278 2562 in
1300 2513 1349 2561 se·

176 2601 288 2684 cundo
311 2602 424 2667 endem
446 2601 509 2666 378
532 2599 566 2666 in
589 2599 690 2666 tertie
712 2618 850 2682 persone
871 2599 1035 2684 leguntur.
1078 2599 1146 2666 Ant
1167 2599 1217 2665 ite
1236 2615 1349 2668 versus

176 2707 352 2788 mutantur,
375 2707 413 2770 ut
435 2702 608 2769 antithesis
631 2701 876 2788 extruerent

198 2876 260 2940 220
782 2957 784 2962 ,
812 2872 853 2942 τό
874 2897 943 2941 τοι
965 2871 1028 2959 οόχ
1049 2867 1071 2938 ii
1080 2873 1101 2939 ό
1108 2897 1123 2940 ε
1137 2845 1258 2959 ’θομοόι

303 2975 486 3058 τεύξασθαι
508 2975 592 3064 νηόν
615 3001 651 3044 τε
673 2977 730 3044 καὶ
752 2974 854 3044 ἄλσεα
877 2975 1079 3064 δενδρήεντα
1101 2976 1156 3062 (oi.
1177 2977 1290 3061 supro)

197 3201 259 3266 244
380 3119 415 3181 et
805 3197 885 3266 τόθι
907 3225 961 3266 τοι
983 3193 1050 3266 ἅδε
1072 3207 1182 3285 χῶρος
1205 3197 1348 3286 όιιήμοιν

303 3301 486 3382 τεύξασθαι
508 3301 592 3388 νηόν
613 3327 649 3368 τε
671 3303 727 3368 καὶ
750 3299 851 3370 ἄλσεα
875 3302 1076 3390 δενδρήεντα

176 3491 286 3572 Atque
314 3491 441 3557 utu-9
463 3491 581 3558 iterum
603 3491 753 3560 versibus
774 3493 935 3576 258-60,
963 3490 1110 3574 personis
1131 3495 1259 3558 tuntum
1282 3509 1350 3557 nru-

176 3592 269 3677 tntis,
302 3592 502 3677 referuntur,
534 3593 569 3660 iu
601 3595 718 3676 quibus
750 3595 882 3678 dignum
916 3599 967 3661 eet
998 3599 1036 3660 ut
1068 3593 1351 3661 animadvertetur

176 3713 271 3762 uuum
295 3715 378 3778 quae
400 3695 487 3762 inest
508 3697 720 3763 mutationem
743 3693 939 3782 ἀνθρώπων
961 3702 1074 3777 τεῦξαι
1094 3695 1296 3783 χρηστήριον
1315 3695 1349 3762 in

176 3795 310 3883 ἔμμεναι
343 3797 541 3884 ἀνθρώποις
572 3799 775 3886 χρηστήριον
803 3799 885 3866 illud
914 3802 954 3865 81
987 3798 1122 3885 ἔμμεναι
1153 3795 1349 3885 ἀνθρώπων

175 3900 377 3988 χρηστήριον
396 3902 449 3968 vol
470 3902 655 3968 neouretins
669 3919 810 3970 eernere.
847 3903 995 3968 Tertium
1010 3903 1180 3969 287-295
1194 3902 1352 3986 leguntur

174 4002 246 4069 iere
263 4003 367 4070 eidem
382 4021 504 4087 verene,
527 4003 581 4084 qui
597 4010 729 4086 praeter
743 4009 906 4071 mutatam,
918 4023 1088 4089 personum
1103 4004 1349 4088 grammaticum

175 4105 303 4172 ornnino
333 4107 444 4172 eedem
473 4107 578 4173 verbe
607 4105 982 4190 praetereantque
1011 4110 1074 4174 295
1103 4107 1279 4193 διαμπερές
1300 4107 1351 4172 in-

174 4207 324 4275 venimus
345 4226 404 4290 pro
427 4209 575 4294 διηνεκές
596 4209 631 4274 iu
653 4211 724 4277 255.

260 4465 283 4534 ¹)
305 4462 346 4519 Oi.
363 4463 487 4534 Aeschyl.
505 4463 648 4520 Eumenid.
665 4481 691 4521 v.
705 4467 738 4523 19

456 4587 458 4594 ·
483 4545 550 4616 Διός
567 4545 711 4623 προφήτης
729 4547 785 4607 ἐστὶ
804 4553 910 4617 Λοξίας
927 4545 1042 4626 πατρός.
