3344 5194
823 721 929 803 caput
943 721 1004 788 III.

499 865 560 933 De
586 866 751 948 Hymno
778 865 823 934 in
849 866 1087 948 Apollinem
1112 867 1320 950 Pythium.

410 1027 481 1093 Iam
510 1026 752 1093 Baumeisterus
782 1027 869 1094 inter
897 1027 1025 1094 Delium
1055 1028 1250 1110 prooemium
1280 1035 1314 1096 et
1339 1029 1496 1112 Pythium

325 1149 396 1195 eam
425 1129 627 1196 intercedere
657 1131 891 1198 animadvertit
912 1131 1155 1196 similitudinem
1178 1151 1261 1212 quae
1283 1131 1372 1198 casui
1394 1131 1496 1197 tribui

324 1238 473 1313 nequeat.
499 1232 643 1298 Primum
659 1251 772 1301 versus
789 1236 956 1298 182-206
972 1235 1013 1298 ad
1029 1234 1209 1317 exemplum
1224 1253 1375 1301 versuum
1390 1236 1494 1299 2-13

323 1334 479 1401 formatos
512 1353 593 1418 esse3
626 1334 741 1401 deinde
773 1335 808 1400 in
840 1337 958 1419 hymno
991 1340 1129 1416 utroque
1160 1355 1289 1404 versum
1321 1342 1394 1419 post
1423 1355 1494 1418 pro·

324 1437 461 1507 centium
490 1437 581 1518 sequi
610 1440 745 1504 eundem
773 1447 847 1514 πῶς
875 1437 904 1504 τ’
928 1436 980 1524 ἄρ’
1004 1437 1033 1504 o'
1055 1436 1192 1525 ὑμνήσω
1219 1445 1307 1518 κτλ.;
1333 1444 1495 1520 postremo

323 1545 453 1623 poetam
486 1539 520 1606 in
553 1559 666 1608 versus
697 1543 759 1606 214
792 1541 901 1607 verbis
931 1538 953 1628 ή
982 1537 1029 1616 ὥς
1055 1540 1095 1606 τὸ
1126 1551 1264 1626 πρῶτον
1293 1541 1495 1627 χρηστήριον

323 1660 437 1708 versus
466 1643 611 1724 exemplo
641 1645 680 1708 25
713 1641 735 1729 ή
764 1637 811 1718 ὥς
842 1662 877 1709 σε
905 1652 1043 1730 πρῶτον
1065 1643 1166 1728 Λήτσ)
1196 1644 1269 1708 τέκε
1298 1662 1390 1708 usum
1417 1661 1495 1709 esse.

323 1747 376 1811 Ad
406 1763 488 1826 quae
518 1763 577 1828 ego
600 1745 703 1811 multa
726 1745 792 1811 alia
814 1764 854 1811 ex
875 1745 1024 1813 versibus
1047 1745 1194 1812 conflatis
1216 1745 1336 1812 indicia
1357 1745 1495 1830 reperui,

322 1849 362 1914 dc
384 1847 501 1928 quibus
523 1852 636 1930 postea
658 1848 723 1914 erit
745 1851 912 1931 agendum.

407 1950 494 2034 Quin
532 1950 662 2016 exordio
698 1951 810 2034 hymni
847 1967 961 2016 versus
997 1950 1122 2031 aliquot
1159 1949 1266 2016 desint
1301 1968 1394 2015 nemo
1430 1969 1496 2016 non

322 2053 465 2134 dubitat3
495 2072 570 2118 nam
599 2052 655 2134 qui
684 2049 768 2119 εἱσι
799 2053 842 2117 δὲ
872 2053 1039 2119 exordium
1069 2071 1138 2118 esse
1167 2051 1321 2134 prooemii
1346 2052 1496 2119 divinare

321 2155 450 2236 potest?
495 2154 558 2220 Sed
589 2173 648 2220 nec
678 2157 773 2220 credo
802 2155 875 2236 plus
905 2173 999 2235 quam
1029 2157 1091 2220 duo
1119 2154 1189 2220 iere
1215 2173 1328 2222 versus
1351 2155 1497 2240 (praeter

320 2257 494 2323 solemnem
516 2257 607 2322 illum
629 2256 802 2324 invocandi
825 2261 857 2322 et
880 2257 1065 2324 inchoandi:
1094 2257 1261 2344 μνήσομαι
1284 2256 1362 2322 οὐδὲ
1385 2257 1496 2323 λάθω-

319 2385 379 2445 μαι
401 2365 471 2425 κτλ.
495 2364 532 2424 ut
553 2359 587 2424 in
602 2359 689 2424 Delii
711 2358 886 2444 prooemio)
909 2360 1038 2426 exordio
1062 2361 1184 2443 deesse,
1214 2365 1386 2442 propterea
1408 2361 1493 2440 quod

319 2461 405 2527 sicut
433 2463 552 2545 hymno
581 2462 615 2540 iq
638 2463 731 2528 Delio
753 2462 819 2526 iam
841 2480 938 2528 versu
960 2465 979 2526 2
1002 2462 1119 2544 Apollo
1142 2463 1326 2528 arcitenens
1347 2461 1382 2527 in
1404 2463 1493 2530 Iovis

242 2567 243 2572 ’
319 2566 446 2629 domum
476 2566 603 2630 intrans
626 2554 832 2647 describitur,
862 2565 912 2630 ita
933 2565 1080 2632 versibus
1102 2565 1214 2647 primis
1237 2583 1315 2646 quos
1337 2566 1493 2630 habemus

318 2667 433 2749 Pythii
455 2667 567 2750 hymni
589 2667 751 2752 (182-3)
774 2671 871 2749 poeta
893 2669 987 2733 deum
1006 2667 1236 2732 citharoedum
1255 2668 1397 2749 Pythum
1419 2686 1492 2748 pro·

319 2769 514 2836 ficiscentem
536 2769 618 2835 iacit
639 2774 676 2835 ut
698 2770 795 2851 plane
817 2770 944 2836 eluceat
966 2788 1079 2836 versus
1102 2771 1221 2851 primos
1242 2769 1355 2852 hymni
1373 2769 1492 2835 utrius-

319 2892 381 2954 que
411 2873 557 2938 consulto
586 2873 674 2938 inter
703 2891 738 2937 se
767 2859 907 2954 opponi.
936 2872 1113 2960 Exordium
1136 2871 1291 2954 prooemii
1313 2871 1400 2937 Delii
1422 2871 1492 2937 sine

319 2993 417 3042 versu
445 2974 567 3039 initiali
598 2977 637 3039 12
660 2973 809 3041 versibus
836 2979 972 3040 constat.
1015 2973 1172 3056 Pythium
1194 2979 1303 3039 autem
1325 2973 1492 3039 exordium

318 3077 370 3143 bis
399 3083 450 3143 tot
479 3082 512 3142 et
535 3097 633 3143 unum
655 3095 784 3142 versum
806 3077 914 3144 habet.
957 3077 1040 3142 Mihi
1062 3076 1164 3159 igitur
1187 3082 1264 3142 ante
1287 3079 1348 3141 182
1378 3073 1513 3142 versus

320 3179 406 3246 circa
437 3183 505 3245 tres
534 3179 691 3246 excidisse
720 3179 886 3261 videntur,
916 3179 1012 3260 idque
1042 3199 1078 3244 eo
1107 3179 1210 3262 magis
1238 3180 1321 3259 quod
1350 3177 1491 3243 nuncin

318 3283 378 3350 hoc
408 3282 477 3348 loco
506 3287 575 3347 tres
605 3301 738 3348 nurnero
768 3300 881 3347 versus
906 3283 1079 3348 tte-181
1112 3282 1249 3364 legimus
1272 3273 1300 3345 oi
1324 3278 1388 3345 ἄνα
1410 3285 1490 3364 att,

319 3385 374 3467 qui
397 3405 468 3450 cum
490 3404 593 3466 neque
615 3384 703 3450 Delii
725 3403 829 3465 neque
847 3384 962 3467 Pythii
984 3384 1138 3466 prooemii
1160 3384 1324 3466 propriam
1346 3383 1491 3450 efficiant

317 3493 452 3570 partem,
475 3507 686 3571 nequaquam,
708 3487 765 3553 ubi
787 3506 871 3552 nuno
893 3491 976 3569 sunt,
998 3486 1124 3551 ferendi
1145 3491 1230 3552 sunt.

370 3667 372 3670 ,
403 3590 562 3671 Equidem
592 3591 679 3655 haud
706 3589 770 3656 scio
798 3608 840 3654 an
862 3593 959 3672 poeta
981 3595 1039 3656 aut
1060 3588 1139 3671 ipsis
1165 3589 1314 3655 versibus
1336 3588 1490 3670 prooemii

317 3692 406 3758 Delii
437 3695 527 3758 1-3
558 3698 616 3758 aut
645 3691 817 3757 simillimis
843 3692 1039 3774 prooemium
1065 3710 1157 3757 suum
1183 3711 1300 3757 novum
1323 3691 1489 3772 inceperit.

318 3795 414 3861 Certe
441 3808 543 3877 aequo
569 3796 641 3861 iure
663 3796 723 3860 hoc
744 3800 874 3877 poterat
896 3795 1004 3860 iacere
1028 3800 1125 3875 atque
1147 3794 1243 3876 paulo
1266 3798 1339 3876 post
1360 3811 1489 3879 versum

319 3900 358 3963 19
381 3907 454 3974 πῶς
476 3897 505 3964 τ’
528 3896 570 3983 ἄμ
595 3897 623 3963 σ’
643 3896 797 3984 ὑμνήσω
818 3897 949 3963 iterare.
992 3898 1109 3978 Itaque
1131 3897 1166 3962 in
1187 3896 1396 3962 restitutione
1418 3915 1489 3962 mea

318 4001 361 4085 (v.
377 4001 464 4065 inira
479 4021 508 4082 p.
521 4001 576 4085 37)
592 4005 669 4066 ante
684 3999 879 4082 prooemium
895 3999 1059 4083 Pythium,
1082 4002 1164 4080 quod
1180 4005 1330 4065 truncum
1344 3998 1490 4084 legimus,

317 4121 431 4169 versus
455 4106 548 4168 1-3
570 4103 671 4185 posui.
1492 4123 1493 4127 ¹

402 4207 523 4272 Versus
552 4205 655 4288 igitur
686 4207 874 4289 179-181,
907 4205 970 4270 nisi
1003 4223 1088 4288 erro,
1121 4223 1233 4270 rursus
1261 4204 1489 4273 transitionem

316 4311 475 4392 praebent
512 4327 608 4389 quam
640 4307 821 4388 quempiam
853 4311 931 4389 puto
964 4309 1159 4390 rhapscdum
1192 4306 1349 4372 Asianum
1381 4306 1490 4372 Mileti

316 4413 410 4479 ambo
438 4409 600 4492 prooemia
622 4411 815 4476 recitantem
842 4429 879 4476 eo
902 4410 1035 4476 consilio
1057 4411 1119 4475 huc
1140 4409 1327 4494 inseruisse,
1357 4415 1394 4474 nt
1415 4414 1490 4491 post

317 4513 494 4591 clausulam
523 4513 635 4606 hymni
664 4511 792 4585 Deliaci
822 4513 866 4598 (v.
883 4512 957 4606 178)
988 4517 1021 4578 et
1050 4511 1239 4604 priusquam
1268 4513 1308 4578 de
1337 4511 1490 4602 Apolline
