3344 5194
1316 453 1356 518 21

185 625 250 694 Sed
278 625 313 692 in
335 627 492 711 Catalogo
514 625 697 693 Insulamm
726 625 792 692 iem
822 625 960 710 legimus
988 631 1057 692 tres
1082 644 1197 695 versus
1218 626 1359 692 Lesbum

185 730 300 796 Chium
323 729 483 796 Mimanta
505 729 617 795 ordine
639 729 824 812 laudantes,
850 747 868 794 e
890 728 1006 810 quibus
1028 729 1139 812 onius,
1162 729 1250 794 oaeoi
1272 728 1360 797 vetis

185 831 308 916 petria,
341 832 458 898 eximie
490 831 641 898 laudibus
674 851 694 898 a
723 831 883 914 rhapsodo
913 831 1060 915 effertur,
1093 838 1258 914 tamquam
1289 831 1359 913 pul·

186 935 347 1002 cherrime
368 934 468 1000 meris
489 934 684 1000 insularum:

230 1109 269 1174 37
316 1108 479 1188 Λέσβος
500 1105 530 1172 τ’
546 1105 682 1194 η’γαθέη,
706 1105 869 1192 Μάκαρος
891 1105 966 1182 ἕδος
989 1105 1187 1185 Αἰολίωνος,

230 1213 271 1276 38
315 1211 371 1276 καλ
394 1213 428 1276 Χ
434 1211 513 1294 λος,
537 1208 556 1296 ἡ
580 1208 693 1296 νόστον
717 1207 932 1296 λιπαρωτάτη
956 1208 1005 1274 εἰν
1027 1207 1083 1274 ἁλὶ
1105 1223 1212 1274 κεῖται

230 1315 271 1380 39
314 1311 513 1388 παιπαλόεις
534 1337 568 1378 τε
592 1317 633 1378 Μ
637 1314 649 1377 ἱ
656 1337 734 1397 μοις
756 1317 826 1378 κτλ.

272 1481 342 1548 Iam
365 1487 464 1549 antea
486 1481 620 1566 (pagina
638 1483 690 1566 16)
713 1479 781 1547 dixi
803 1481 883 1548 mihi
905 1479 1033 1562 quidem
1052 1481 1159 1550 videri
1173 1499 1303 1549 versum
1318 1485 1359 1547 24

187 1583 243 1668 qui
264 1585 350 1651 idem
372 1591 422 1650 est
445 1603 483 1652 eo
504 1603 619 1653 versus
643 1587 702 1650 142
726 1603 767 1650 ex
789 1610 808 1650 ν
824 1587 949 1650 234-5
972 1583 1152 1650 defluxisse.

273 1687 336 1754 Sed
358 1687 492 1754 tertium
514 1705 639 1768 quoque
661 1687 804 1754 eiusdem
818 1686 948 1771 generis
964 1687 1143 1770 exemplum
1158 1687 1273 1753 lectori
1288 1706 1360 1769 pro·

187 1809 304 1874 ponam
334 1791 418 1871 quod
447 1809 505 1874 pro
535 1789 653 1856 indioio
675 1789 779 1856 habeo
802 1795 836 1856 et
858 1789 1042 1873 catalogum
1064 1790 1155 1855 illum
1178 1795 1212 1855 et
1234 1794 1360 1872 partem

186 1891 341 1974 prooemii
363 1911 545 1974 supremam
568 1891 670 1958 eidem
694 1896 810 1974 poetae
832 1891 1008 1958 tribuenda
1029 1909 1108 1957 esse.
1143 1891 1249 1958 Versu
1272 1895 1360 1957 oeta-

187 1993 254 2078 logi
277 1997 318 2060 34

319 2151 459 2234 θρηϊκλη
481 2173 515 2214 τε
539 2149 657 2234 Σάμος
675 2146 760 2234 Ἴδης
782 2147 811 2214 τ’
828 2146 906 2233 ὄρεα
931 2147 1085 2216 σκιόεντα

186 2319 411 2388 Samothracia
444 2325 478 2386 et
508 2321 568 2386 Ida
600 2339 665 2386 nna
697 2319 886 2404 laudantur,
918 2319 975 2386 nbi
1004 2295 1179 2386 manifesta
1207 2319 1361 2388 memoria

184 2424 296 2490 subest
318 2441 469 2490 versuum
491 2423 621 2489 illorum
643 2422 879 2490 lutulentorum
902 2428 938 2488 N
952 2425 1091 2488 12-13:

313 2593 404 2680 όψοΐ·
427 2593 478 2661 ἐπ’
494 2593 681 2680 ἀκροτάτης
703 2603 855 2680 κορυφῆς
877 2553 1181 2680 Σάμοτόόληεόοης

317 2701 490 2784 Θρηϊκίης·
516 2697 615 2764 ἔνθεν
637 2697 699 2784 γὰρ
723 2697 879 2780 iunipero
901 2707 993 2764 πᾶσα
1014 2699 1076 2783 μὲν
1093 2695 1171 2782 Ἴδη,

186 2870 220 2936 in
250 2869 366 2951 quibus
392 2869 588 2936 describitur
609 2859 781 2951 Neptunus
801 2869 1046 2936 Samothraciae
1068 2869 1103 2936 in
1125 2888 1246 2936 summo
1269 2889 1361 2936 oaou·

185 2972 272 3038 mine
302 2975 428 3055 sedens
458 2973 550 3038 Idam
576 2991 701 3038 omnem
728 2973 950 3054 contemplans
973 2977 1007 3038 et
1029 2991 1131 3040 neves
1153 2973 1363 3042 Graecorum.

187 3077 234 3141 Et
256 3093 353 3142 versu
378 3077 415 3141 17
439 3076 549 3159 pergit
570 3076 731 3141 Homerus

316 3245 436 3312 αότλκα
459 3245 489 3313 δ’
511 3247 546 3328 ἐξ
570 3244 664 3332 ὄρεος
686 3247 951 3335 κατεβήσετο
973 3248 1314 3328 παιπαλόεντος,

187 3417 223 3484 in
245 3437 342 3486 versu
363 3418 517 3501 prooemii
541 3420 599 3484 141
623 3417 773 3502 legimns:

318 3587 437 3656 άλλοτε
463 3592 524 3676 μέν
549 3589 579 3656 τ’
606 3591 660 3657 ἐπὶ
688 3591 829 3658 Κάνθον
856 3591 1010 3679 lupono
1036 3592 1362 3669 παιπαλόεντος

188 3761 264 3828 Illio
290 3764 330 3828 de
352 3764 515 3848 Neptuno,
544 3764 598 3830 hio
626 3765 666 3830 de
688 3763 841 3846 Apolline
863 3763 897 3830 in
919 3774 1026 3830 monte
1047 3764 1269 3832 παιπαλόεντι
1291 3783 1363 3832 ver-

188 3865 338 3932 santibus
359 3865 479 3949 agitur.
545 3917 547 3922 .

275 3968 392 4049 Itaque
421 3987 506 4034 nuno
535 3969 777 4051 comprobatum
807 3974 870 4053 est,
901 3970 1027 4054 opinor,
1056 3989 1170 4038 versus
1193 3970 1363 4037 CXLVIII

189 4073 338 4137 30-178
362 4089 459 4136 unum
474 4077 619 4137 tenorem
635 4071 792 4138 orationis
807 4072 972 4156 integrum
988 4073 1171 4139 absolutum
1186 4078 1363 4156 praestare

649 4404 903 4412 ---————-—
