3344 5194
223 370 242 465 's

307 575 356 640 De
382 569 494 659 hymni
515 566 618 660 igitur
640 565 868 660 compositione
891 563 1143 660 disceptaturus,
1173 563 1233 642 hoc
1255 563 1407 658 primum

221 696 280 758 pro
302 682 390 743 certo
413 682 569 761 statuam,
591 677 763 762 neminem,
785 677 841 759 qui
862 683 970 746 mente
992 681 1131 746 nondum
1154 683 1314 762 occupata
1336 680 1407 746 hoc

222 798 351 846 carmen
373 780 564 864 perlegerit,
587 784 718 846 credere
740 799 832 863 posse
855 783 990 848 eundem
1012 785 1141 864 poetam
1163 799 1226 847 uno
1249 787 1404 864 tempore

221 901 284 947 nno
313 881 348 947 in
376 888 490 948 tenore
520 883 604 948 hunc
633 883 786 966 hymnum
813 883 868 963 qui
897 891 1034 952 vocatur
1062 883 1242 967 scripsisse,
1275 884 1403 966 quippe

221 983 277 1065 qui
304 983 411 1050 media
432 985 467 1049 in
490 983 636 1050 oratione
659 985 837 1052 clausulam
859 986 992 1070 habeat,
1018 986 1157 1054 diversis
1178 985 1258 1052 locis
1279 1005 1402 1053 versus

220 1085 286 1152 iam
308 1091 407 1153 antea
425 1087 526 1153 lectos
541 1092 600 1154 aut
615 1093 744 1169 repetat
759 1093 817 1154 aut
831 1087 986 1172 imitetur,
1009 1088 1090 1155 alias
1107 1087 1181 1154 aliis
1195 1088 1229 1154 in
1244 1088 1401 1170 partibus

221 1188 363 1254 eiusdem
395 1189 526 1274 fabulae
559 1189 679 1256 formas
711 1191 881 1273 praebeat,
914 1190 1052 1272 denique
1081 1209 1153 1256 cum
1183 1190 1217 1256 in
1246 1190 1400 1256 oratione

221 1290 313 1372 epica
346 1291 530 1358 adhibenda
562 1295 631 1358 tum
664 1292 698 1358 in
727 1291 860 1358 Homeri
889 1293 1037 1359 versibus
1067 1291 1233 1358 imitandis
1261 1311 1400 1375 prorsus

221 1393 382 1461 diversam
406 1394 544 1476 speciem
566 1414 644 1476 prae
666 1414 700 1460 se
722 1393 817 1460 ierat.
861 1393 978 1476 ltaque
993 1395 1085 1461 nobis
1100 1401 1151 1461 est
1166 1397 1398 1478 quaerendum,

220 1496 283 1561 duo
312 1496 362 1562 illi
391 1496 502 1579 hymni
525 1496 757 1562 Ruhnkeniani
784 1497 896 1578 quales
919 1496 997 1582 sint,
1026 1517 1102 1564 num
1124 1503 1261 1579 uterque
1282 1516 1399 1563 eorum

220 1597 384 1682 integrum
407 1603 440 1664 11
463 1600 645 1670 absolutum
668 1619 797 1666 carmen
819 1605 973 1684 praestet,
995 1619 1060 1682 qua
1082 1600 1267 1667 condicione
1280 1606 1399 1682 partes

220 1701 274 1768 vel
304 1701 496 1782 rhapsodias
526 1701 674 1785 singulae
701 1702 788 1768 inter
814 1720 848 1767 se
870 1701 1061 1770 coniunctae
1083 1704 1157 1770 sint.
1201 1703 1253 1768 Ex
1274 1701 1315 1768 iis
1338 1703 1399 1784 qni

221 1804 261 1868 de
290 1802 386 1869 huius
414 1803 569 1885 prooemii
598 1805 744 1870 oratione
771 1805 1037 1886 disceptaverunt
1063 1805 1159 1889 longe
1180 1805 1398 1872 rectissimam

114 1957 118 1968 .
221 1905 443 1988 investigandi
475 1905 562 1972 viam
593 1926 665 1972 mea
697 1907 825 1988 quidem
858 1907 1022 1973 sententia
1055 1907 1276 1974 Windischius
1287 1908 1311 1993 ¹)
1344 1909 1397 1973 in-

220 2026 351 2092 gressus
382 2013 444 2092 est,
474 2009 530 2090 qui
558 2008 680 2090 primus
702 2011 786 2092 quod
809 2010 908 2076 sciam
930 2009 1063 2076 tertiam
1084 2029 1236 2094 magnam
1257 2015 1397 2095 partem,

220 2110 296 2176 inde
325 2130 346 2176 a
372 2129 470 2178 versu
492 2113 554 2176 388
576 2110 785 2194 incipientem
807 2117 841 2178 11
863 2131 963 2192 usque
986 2113 1144 2178 adfinem
1166 2112 1398 2197 pertinentem,

220 2218 342 2279 natura
378 2213 639 2296 distinguendam
678 2233 698 2280 a
734 2214 859 2296 reliquo
896 2215 1014 2297 hymno
1051 2214 1190 2297 Pythice
1226 2213 1397 2296 indicavit

221 2313 293 2397 Qua
314 2314 348 2379 in
370 2333 406 2380 re
429 2308 498 2380 eius
519 2315 662 2398 vestigia
681 2334 801 2396 premo.
846 2315 909 2382 Sed
931 2317 1032 2383 multo
1054 2315 1158 2398 magis
1181 2316 1216 2381 in
1234 2317 1400 2398 prooemio

175 2467 178 2474 .
220 2416 411 2482 excutiendo
453 2437 524 2483 eam
564 2418 723 2484 rationem
764 2419 941 2501 adhibebo,
982 2438 1077 2500 quam
1117 2438 1221 2502 nuper
1261 2419 1400 2486 Carolus

220 2518 417 2604 Robertnsl)
451 2539 521 2586 cum
549 2522 589 2584 de
618 2521 736 2603 hymno
766 2520 801 2586 in
829 2520 1026 2588 Mercurium
1054 2520 1237 2603 disputavit
1266 2527 1399 2588 secutus

220 2626 283 2706 est,
310 2621 365 2702 qui
393 2628 427 2688 et
448 2623 585 2704 primum
607 2641 657 2689 me
680 2625 722 2689 ad
743 2624 805 2690 hoc
826 2623 1012 2705 opusculum
1033 2624 1238 2691 scribendum
1260 2623 1397 2690 consilio

219 2743 277 2791 suo
305 2723 460 2792 incitavit
489 2730 523 2790 et
551 2731 665 2806 postea
694 2725 773 2792 mihi
796 2725 921 2791 erranti
943 2727 1031 2794 viam
1053 2745 1179 2808 semper
1201 2726 1395 2794 benevolen-

220 2827 343 2892 tissime
365 2828 570 2894 monstrabat
591 2833 722 2893 rectam.

304 2929 399 2994 Hanc
427 2930 530 3012 igitur
558 2929 646 2996 viam
675 2930 840 3013 ingressus
870 2931 1018 2996 versibus
1041 2931 1232 3013 quibusdam
1254 2931 1394 3013 primum

219 3030 449 3112 disputationis
481 3033 585 3099 locum
618 3033 763 3118 designo,
797 3052 931 3114 quornm
964 3033 992 3099 si
1021 3034 1092 3115 quis
1122 3039 1273 3100 naturam
1302 3038 1395 3100 recte

218 3134 433 3220 perspexerit,
464 3154 528 3200 non
557 3139 665 3216 potest
693 3155 757 3201 non
786 3138 826 3202 de
855 3141 1036 3202 ceterarum
1065 3136 1220 3218 prooemii
1248 3135 1393 3219 partium

218 3237 306 3302 inter
335 3257 370 3303 se
399 3237 526 3304 ratione
555 3237 670 3304 mirum
700 3239 734 3303 in
761 3242 888 3305 modum
911 3239 1031 3306 certior
1051 3239 1131 3306 fieri.
1174 3241 1295 3306 Versus
1317 3238 1393 3304 illos

219 3358 448 3421 saepenumero
476 3346 611 3406 vexatos
640 3342 1126 3427 14-181111111111111111111,
1156 3342 1184 3408 si
1207 3360 1393 3408 concessum

217 3441 320 3508 inerit
356 3441 452 3528 (quod
489 3462 540 3508 me
572 3448 685 3525 postea
718 3444 806 3510 clare
839 3445 1020 3511 evicturum
1053 3445 1172 3530 spero),
1210 3444 1391 3529 apparebit,

217 3543 365 3609 versibus
397 3547 499 3610 1—18
526 3545 732 3626 rhapsodiam
758 3547 891 3612 brevem
913 3549 969 3612 sed
991 3546 1153 3629 integram
1176 3549 1215 3612 de
1237 3545 1391 3629 Apolline

216 3645 291 3710 Deli
320 3651 396 3711 nato
427 3647 599 3728 contineri;
630 3651 756 3714 eosdem
786 3655 907 3734 autem,
937 3649 1085 3716 versibus
1108 3651 1232 3714 14-18
1256 3649 1390 3734 omissis,
1449 3717 1451 3722 ,

216 3747 381 3813 exordium
404 3754 574 3830 praestare
595 3750 751 3834 longioris
773 3751 1022 3834 copiosiorisque
1044 3751 1245 3835 rhapsodiae,
1268 3751 1302 3818 in
1324 3771 1389 3832 qua

216 3851 255 3916 de
288 3850 429 3916 eiusdem
463 3853 515 3917 dei
547 3857 629 3918 natu
662 3858 695 3918 et
713 3854 873 3935 pueritia
910 3860 1038 3936 agatur.
1095 3855 1226 3920 Necnon
1260 3854 1315 3935 qui
1345 3845 1388 3921 'de

215 3952 367 4034 Apolline
395 3955 515 4036 Pythio
549 3974 680 4021 carmen
708 3957 906 4043 recitaturus
936 3963 1008 4022 erat
1037 3959 1147 4022 eodem
1176 3956 1307 4022 exordio
1337 3957 1388 4023 uti

215 4059 353 4138 poterat,
376 4058 543 4122 dummodo
565 4063 639 4140 post
661 4077 691 4125 v.
706 4061 743 4124 19
766 4057 1006 4138 πώς-11111,
1031 4058 1087 4140 qni
1108 4058 1193 4126 idem
1216 4065 1266 4126 est
1288 4065 1388 4141 atque

214 4176 244 4224 v.
259 4161 330 4242 207,
360 4178 412 4225 vv.
428 4162 564 4226 25-28
593 4161 825 4246 pronuntiatis,
858 4163 975 4243 quibus
1005 4162 1103 4228 aliter
1133 4163 1261 4244 quidem
1290 4180 1387 4242 quam

300 4397 321 4465 ¹)
338 4397 379 4452 De
396 4398 511 4466 Hymnis
529 4399 671 4454 homericis
688 4400 842 4468 maioribus,
860 4401 933 4470 Lips.
953 4402 1027 4460 1867.

298 4484 321 4554 ²)
337 4483 428 4538 Herm.
446 4484 517 4553 XLI,
536 4485 610 4554 1906,
628 4487 807 4554 poso-425.
