3344 5194
251 370 292 456 tl

249 579 362 630 versus
385 563 510 629 14-18
539 557 589 629 ita
618 555 798 646 comparati
826 563 919 648 snnt,
948 561 986 630 ut
1014 582 1056 630 ex
1076 553 1213 632 libidine
1235 561 1296 630 aut
1315 553 1423 630 omlttl

197 753 199 756 Ι
249 669 308 732 ant
336 665 436 731 inseri
462 665 629 748 potuerint
657 671 754 748 prout
782 667 993 749 postulabant
1019 685 1072 732 res
1094 671 1129 734 et
1150 666 1284 734 occasio.
1326 665 1423 732 Talia

249 767 472 834 additamenta
502 767 566 834 iarn
596 787 694 850 supra
724 769 812 854 (pag.
827 771 861 854 9)
889 767 1059 835 ἐπεισόδια
1081 769 1134 836 vel
1156 769 1345 852 compendia
1366 786 1422 834 no-

247 858 378 937 minavi.
422 870 468 936 Et
489 870 524 935 in
546 871 606 936 hoc
627 889 690 937 uno
713 871 824 936 differt
844 873 905 938 hoc
926 871 1147 954 compendium
1170 871 1323 938 acetaris
1338 889 1422 952 quae

247 971 335 1038 inire
364 971 525 1055 indicabo,
559 974 643 1053 quod
672 972 766 1039 simul
796 971 973 1040 clausulam
1002 975 1156 1040 continet.
1210 975 1422 1054 Nequaquam

246 1073 350 1156 igitur
378 1092 436 1155 pro
464 1075 595 1157 vulgari
624 1075 876 1157 interpolatione
898 1075 1081 1142 habendum
1103 1080 1165 1159 est,
1195 1075 1354 1158 quamvis,
1384 1080 1422 1142 ut

246 1176 312 1242 iam
341 1177 643 1259 demonstravimus,
673 1176 863 1244 recentioris
892 1177 1028 1261 originis
1053 1177 1097 1243 sit
1119 1197 1215 1258 qnam
1237 1196 1350 1246 versus
1372 1196 1421 1242 se·

247 1281 391 1358 quantes.
435 1279 481 1344 At
502 1278 536 1344 id
558 1278 675 1362 ipsun,
697 1281 780 1363 qnod
802 1279 999 1346 recentiores
1021 1285 1098 1346 sunt
1119 1299 1233 1348 versus
1255 1285 1289 1346 et
1310 1285 1421 1346 tamen

246 1379 424 1445 clausulam
446 1380 623 1466 continent,
644 1381 723 1446 mihi
746 1382 874 1462 quidem
896 1383 993 1464 plane
1012 1382 1158 1450 indicare
1177 1383 1308 1451 videtur
1322 1383 1420 1464 rhap-

246 1483 357 1547 sodum
390 1485 549 1563 quendam
582 1501 623 1549 ex
656 1485 801 1550 consulto
834 1484 991 1552 adiecisse
1024 1491 1061 1552 ut
1093 1485 1255 1569 epitomen
1287 1485 1420 1552 iabnlae

246 1585 341 1650 daret
362 1604 459 1667 quam
480 1590 585 1652 totam
606 1586 747 1654 recitare
769 1585 911 1654 nolebat.

747 2219 852 2302 Caput
873 2220 917 2286 II.

330 2365 390 2434 De
417 2365 582 2447 Hymno
607 2363 651 2432 in
677 2365 915 2446 Apollinem
941 2365 1106 2434 Delium
1132 2365 1327 2448 longiore.

329 2528 379 2594 De
409 2527 558 2594 versibus
583 2531 685 2594 1-13
716 2527 882 2594 exordium
912 2527 946 2594 in
974 2527 1171 2611 prooemium
1192 2527 1320 2596 Delium
1350 2531 1418 2597 effi·

245 2629 405 2697 cientibus
428 2649 511 2711 quae
532 2631 597 2696 iam
620 2651 719 2714 supra
741 2631 809 2696 dixi
831 2651 896 2697 non
918 2637 969 2696 est
991 2651 1048 2697 cur
1062 2636 1216 2713 repetam.
1260 2633 1323 2698 Sed
1337 2633 1419 2700 haec

243 2733 348 2798 habeo
371 2751 453 2813 quae
476 2735 601 2798 addam.
644 2735 715 2800 Hoc
730 2735 904 2818 exordium,
927 2734 1090 2815 quodiam
1105 2741 1204 2800 antea
1220 2736 1261 2800 ad
1276 2736 1417 2816 qualem-

244 2853 379 2916 cumque
407 2836 442 2900 in
465 2836 647 2917 Apollinem
674 2838 838 2920 Hymnum
868 2837 1017 2903 idoneum
1046 2855 1116 2902 esse
1144 2836 1301 2921 indicavi,
1331 2837 1418 2902 Delii

243 2937 411 3021 prooemii,
440 2939 562 3004 aChio
592 2939 648 3004 illo
675 2958 770 3005 caeco
800 2939 981 3023 compositi,
1010 2939 1044 3004 in
1073 2939 1224 3006 nervisne
1246 2939 1419 3005 inhaereat

243 3057 357 3124 necne,
386 3059 479 3106 nemo
508 3046 616 3123 potest
647 3041 833 3108 diiudicare.
881 3043 1002 3107 Versus
1033 3041 1086 3107 hic
1113 3041 1211 3109 valde
1240 3061 1419 3126 congruere

244 3141 359 3225 negari
381 3161 445 3208 non
467 3147 583 3227 potest,
606 3145 662 3208 sed
684 3145 744 3209 hoc
765 3130 925 3209 incertum
948 3149 1006 3226 est,
1028 3148 1136 3210 utrum
1159 3163 1212 3210 eos
1234 3143 1304 3228 ipse
1319 3145 1418 3212 Chius

243 3239 366 3326 primus
388 3243 568 3328 scripserit,
596 3264 637 3310 an
659 3245 766 3326 potius
788 3246 936 3312 versibus
959 3245 1208 3331 antiquioribus
1236 3247 1304 3338 qui,
1329 3249 1417 3314 ultro

244 3345 411 3413 exordium
432 3347 682 3428 pulcherrimum
704 3349 906 3431 praebentes
929 3347 959 3413 ei
982 3348 1046 3415 iam
1069 3353 1137 3414 tum
1160 3353 1291 3431 praesto
1314 3356 1417 3434 erant,

244 3453 342 3530 poeta
364 3467 438 3516 suos
460 3467 574 3516 versus
597 3453 672 3515 alti
687 3449 888 3532 *incipientes
910 3455 978 3516 tum
1002 3453 1127 3517 demum
1150 3451 1318 3536 adiecerit,
1346 3472 1417 3519 cum

243 3570 338 3617 sacra
351 3569 355 3578 ’
370 3551 507 3618 Deliaca
540 3551 691 3617 laudibus
724 3553 890 3622 celebrare
923 3553 1032 3620 vellet.
1089 3554 1176 3620 lllud
1209 3559 1245 3620 ut
1279 3557 1416 3639 credam,

243 3654 348 3736 magis
370 3654 507 3720 inclinat
529 3654 694 3720 sententia
715 3673 795 3722 mea.
832 3655 915 3720 Nam
935 3661 968 3721 et
984 3660 1075 3722 certa
1090 3657 1264 3723 communis
1280 3657 1416 3740 originis

242 3755 364 3824 indicia
385 3759 502 3825 desunt
524 3762 558 3823 et
579 3757 729 3824 versibus
753 3759 878 3822 lat-6
900 3757 988 3823 Delii
1010 3759 1165 3842 prooemii

986 3945 1078 4015 χαῖρε
1102 3931 1136 3997 δὲ
1159 3930 1260 4017 Λητώ

397 4023 518 4097 οὕνεκα
540 4029 733 4117 τοξοφόρον
755 4032 811 4097 καὶ
833 4031 997 4118 καρτερὸν
1019 4032 1094 4099 υἱὸν
1117 4032 1243 4100 ἔτικτεν

243 4207 341 4284 poete
362 4201 435 4268 illos
457 4221 571 4270 versus
594 4205 719 4270 12-13
742 4203 867 4270 exordii

719 4360 826 4443 χαίρει
849 4358 886 4423 δέ
905 4381 942 4423 τε
963 4355 1086 4424 πότνια
1108 4355 1209 4444 Λητώ

352 4455 355 4462 ’
396 4451 519 4524 οὕνεκα
535 4455 733 4546 ’τοξοφόρον
755 4461 811 4524 καὶ
833 4465 903 4524 κτλ.
