3344 5194
321 423 363 491 24

319 595 502 665 attor-2

611 683 733 769 αὐτὰρ
758 681 775 750 ὁ
801 689 926 765 Φοῖβος
948 683 1117 753 Ἀπόλλων
1140 684 1415 772 ἐγκιθαρίζει

447 785 555 853 καλά
585 789 656 852 καὶ
685 781 762 872 ὕψι
791 785 919 868 βιβάς

321 922 561 988 contaminatus
583 929 641 988 est.

405 1024 451 1088 Et
465 1024 548 1105 qnod
564 1023 695 1089 maioris
709 1024 851 1090 fortasse
865 1025 1019 1091 momenti
1033 1029 1091 1106 est,
1111 1029 1207 1105 poeta
1222 1023 1345 1106 Hymni
1359 1024 1498 1090 XXVII

318 1125 353 1191 in
375 1125 515 1191 Dianam
545 1127 712 1192 amborum
739 1115 972 1208 prooemiorum
995 1127 1129 1193 exordia
1151 1145 1243 1191 suum
1266 1127 1300 1192 in
1321 1145 1414 1192 usum
1436 1129 1496 1192 ad-

318 1227 439 1311 hibuit,
469 1231 573 1308 atque·
597 1246 633 1294 eo
661 1230 753 1294 modo
780 1228 947 1295 coniunxit
969 1234 1007 1295 ut
1030 1229 1086 1294 vix
1107 1228 1238 1294 aliunde
1260 1247 1356 1309 quam
1378 1247 1419 1294 ex
1441 1229 1496 1295 his

318 1331 443 1396 duobus
465 1331 606 1422 exordiis
627 1331 774 1398 hausisse
796 1331 906 1415 possit.

773 1486 820 1562 εἰς
838 1485 995 1572 Ἄρτεμιν.
1008 1486 1032 1572 ¹)

322 1653 324 1658 -
382 1608 402 1671 3
447 1604 735 1692 αὐτοκασιγνήτην
756 1605 945 1691 χρυσαόρου
968 1605 1184 1684 Ἀπόλλωνος,

446 1705 468 1795 ἢ
489 1707 563 1774 κατ’
580 1706 641 1794 όρη
666 1707 819 1775 σκιόεντα
842 1710 898 1774 καὶ
921 1706 1038 1794 ἄκριας
1060 1707 1261 1795 ἠνεμοέσσας

382 1813 401 1876 5
447 1862 721 1876 ......
765 1810 955 1896 παγχρύσεα
977 1809 1080 1891 τόξα
1102 1813 1307 1890 τιταίνει,

447 1965 826 1979 ........
871 1915 1044 1999 τρομέει
1067 1914 1102 1979 δὲ
1125 1912 1254 1999 κάρηνα

446 2015 588 2102 ὑψηλῶν
611 2014 727 2101 όρέονν,
752 2016 838 2101 ίαχεῑ
859 2011 888 2082 δ’
906 2014 959 2081 έπι
983 2015 1118 2091 δάσκιος
1140 2010 1203 2100 όλη

447 2119 558 2186 δεινόν
580 2118 648 2185 ὑπὸ
670 2125 815 2205 κλαγγῆς
836 2126 965 2206 θηρῶν,
990 2121 1122 2204 φρίσσει
1145 2120 1182 2185 δέ
1202 2143 1238 2184 τε
1260 2132 1337 2204 γαῖα

382 2224 401 2287 9
445 2221 571 2298 πόντος
592 2219 622 2287 τ’
639 2220 786 2306 ἰχθυόεις
831 2272 1264 2285 .........

362 2327 401 2390 11
446 2323 552 2402 αότάρ
575 2323 659 2410 ἐπὴν
680 2331 827 2410 τερφθῆι
849 2322 1065 2408 θηροσκόπος
1088 2323 1235 2408 ἰοχέαιρα

445 2425 609 2514 εόφρήνηι
632 2427 667 2492 δὲ
690 2425 782 2504 νόον,
806 2424 1017 2510 χαλάσασ’
1041 2424 1208 2510 εόκαμπέα
1230 2423 1312 2504 τόξα

447 2527 617 2613 έρχεται
639 2527 699 2603 εἰς
720 2528 823 2613 μέγα
847 2529 962 2613 δῶμα
985 2526 1199 2614 κασιγνήτοιο
1223 2528 1346 2610 φίλοιο,

447 2633 575 2710 Φοίβου
596 2628 813 2709 Ἀπόλλωνος,
837 2632 1014 2712 Δελφῶν
1037 2629 1077 2704 ές
1097 2631 1229 2695 πίονα
1253 2629 1403 2714 δῆμον,

362 2734 401 2798 15
447 2737 630 2798 Μουσῶν
652 2734 708 2798 καὶ
731 2735 933 2818 Χαρίτων
955 2730 1061 2797 καλὸν
1082 2729 1186 2816 χορὸν
1208 2729 1423 2814 άρτυνέουσα.

446 2832 529 2900 ἔνθα
551 2833 914 2919 κατακρεμάσασα
935 2836 1122 2900 παλίντονα
1144 2831 1226 2912 τόξα
1248 2857 1291 2898 κα
1293 2831 1399 2908 ttoni,-
1448 2835 1450 2838 ’

445 2933 572 3023 ηγεῑται
615 2987 622 3002 .
666 2951 699 3002 .’
717 2985 1285 3002 ...........

362 3040 400 3103 18
444 3090 452 3104 .
495 3087 503 3102 .
547 3037 706 3122 αἳ(Μ.κ
708 2987 1233 3124 αίΧ.)ό”άμδροσίηνόπ
1256 3036 1390 3102 ίεῑσαι

445 3137 652 3224 όμνεῦσιν
675 3139 796 3226 Λητῶ
818 3141 1048 3224 καλλίσφυρον
1071 3137 1125 3213 ῶς
1147 3139 1240 3204 τέκε
1262 3138 1421 3211 παῖδας

446 3241 630 3308 άθανάταιν
660 3248 779 3328 βουλῆι
807 3267 842 3308 τε
868 3244 925 3307 καὶ
952 3240 1108 3327 έργμασιν
1135 3239 1176 3320 ig
1184 3265 1202 3306 o
1211 3266 1231 3325 χ
1239 3237 1489 3322 ’άρίστους

322 3410 327 3418 ’
402 3412 484 3476 Tum
507 3431 525 3478 e
546 3412 641 3478 huius
664 3411 789 3477 exordii
812 3411 960 3478 versibus
981 3411 1006 3476 ii
1027 3410 1185 3493 imprimis
1207 3410 1286 3476 mihi
1308 3408 1399 3492 digni
1419 3427 1490 3483 esse

318 3512 470 3579 videntur
493 3514 547 3595 qui
569 3514 889 3598 animadvertantur,
919 3513 953 3578 in
976 3513 1092 3594 quibus
1114 3512 1319 3598 (leo-193)
1342 3511 1490 3578 oratione

316 3616 573 3682 luculentissima
594 3621 692 3700 poeta
714 3620 798 3683 dona
817 3618 836 3683 i.
849 3636 874 3682 e.
890 3635 1024 3682 munera
1039 3618 1133 3682 deum
1148 3611 1378 3682 immortalium
1394 3634 1490 3695 quam

316 3717 412 3801 longe
436 3720 477 3784 ab
499 3719 662 3785 hominum
684 3719 917 3786 imbecillorum
940 3719 1175 3800 stultorumque
1198 3717 1384 3785 oondioione
1398 3717 1489 3784 dilie-

317 3827 394 3887 rant
416 3821 564 3906 exponit:

445 3965 580 4026 Μοῦσαι
623 4009 1344 4027 ...............

445 4060 602 4147 ὑμνεῦσίν
625 4061 666 4148 ῥα
689 4070 782 4128 θεῶν
805 4061 885 4147 δῶρ’
901 4060 1051 4147 ἄμβροτα
1074 4058 1127 4147 ἠδ’
1143 4058 1338 4143 ἀνθρώπων

403 4251 425 4317 ¹)
448 4249 555 4316 Absque
579 4250 695 4305 exordiis
716 4251 830 4304 duorum
853 4248 882 4302 in
899 4248 1053 4317 Apollinem
1070 4247 1265 4316 prooemiorum
1282 4245 1392 4301 videtur
1409 4245 1491 4300 huius

316 4333 418 4401 Hymni
443 4333 590 4401 rhapsodus
617 4335 678 4391 y.4
700 4333 802 4402 Hymni
830 4333 859 4387 in
886 4332 1050 4388 Mercurium
1076 4349 1183 4387 versum
1209 4334 1242 4389 95
1268 4324 1361 4386 πολλὰ
1388 4323 1411 4382 δ’
1437 4322 1489 4401 όρη

316 4413 448 4473 σκιόεντα
471 4421 530 4472 κτλ.
554 4423 582 4472 et
604 4435 647 4473 vv.
660 4420 688 4486 7,
707 4421 735 4486 8,
754 4423 782 4487 9,
806 4423 915 4487 praeter
932 4419 1002 4474 Ala
1026 4412 1102 4486 δεινὴ
1120 4417 1149 4473 ot
1166 4411 1275 4489 κλαγγὴ
1293 4419 1364 4484 κτλ,
1388 4415 1491 4484 Hymni

315 4503 345 4568 in
363 4504 486 4566 Cererem
509 4517 616 4566 versum
633 4503 683 4560 386
707 4493 772 4577 η’ότε
795 4497 899 4578 μαινὰς
923 4496 995 4574 όρος,
1012 4497 1087 4562 κατά
1104 4499 1223 4564 δάσκιον
1241 4498 1311 4581 όλην
1328 4500 1490 4562 adhibuisse.
