3344 5194
220 387 348 502 ¹aa

305 613 409 693 parte,
431 605 451 675 i.
466 626 492 675 e.
514 607 663 676 versibus
679 610 864 694 sss-546,
887 607 992 674 CLIX
1009 529 1286 692 numerojversus
1300 602 1479 675 homericos

306 710 550 794 duodetriginta
577 710 723 796 integros
748 712 802 778 vel
824 712 968 793 paullum
990 715 1143 796 mutatos,
1174 711 1385 796 septuaginta
1406 714 1478 776 octo

306 813 492 880 dimidiatos
517 813 637 881 inveni.
681 813 798 880 Omnes
824 815 882 880 hos
908 814 994 880 locos
1019 813 1055 880 in
1081 815 1185 880 altero
1207 813 1302 880 huius
1325 812 1478 878 disserta·

305 914 404 982 tionis
426 915 533 998 capite
556 917 730 999 composui,
756 919 841 998 quod
863 916 1052 1000 amplissimi
1074 916 1195 983 ordinis
1217 916 1478 1000 philosophorum

306 1036 458 1085 concessu
480 1018 544 1085 alio
566 1019 635 1084 loco
657 1019 809 1101 prodibit.

390 1120 510 1204 Quales
540 1122 607 1188 sint
635 1121 762 1188 dicendi
791 1121 1032 1188 consuetudinis
1061 1127 1158 1190 notae
1187 1120 1337 1204 propriae
1364 1125 1397 1187 et
1422 1139 1476 1203 pe·

306 1221 444 1288 culiares
473 1223 542 1290 eius
572 1223 627 1306 qui
652 1225 806 1307 hymnum
828 1223 984 1308 Pythium
1010 1224 1199 1309 composuit,
1229 1243 1327 1308 supra
1349 1225 1476 1289 demon-

305 1329 413 1390 strare
444 1329 578 1392 conatus
608 1344 685 1391 sum.
728 1325 891 1408 Imprimis
917 1327 1012 1410 larga
1038 1325 1178 1393 imitatio
1200 1324 1354 1408 prooemii
1376 1323 1477 1406 Delii;

305 1429 464 1494 accedunt
495 1428 651 1494 sermonis
683 1447 785 1513 genus
818 1430 1014 1496 concitatum
1047 1434 1145 1510 atque
1174 1430 1360 1510 abruptum,
1393 1427 1478 1507 quod

267 1567 269 1574 ι
305 1549 376 1596 cum
399 1531 439 1596 de
461 1530 612 1612 Apolline
634 1530 753 1615 agitur,
774 1531 841 1597 iam
863 1551 1031 1613 personam
1053 1531 1195 1612 tertiam,
1217 1531 1282 1596 iam
1304 1530 1476 1595 secundam

304 1636 473 1714 poetarum
500 1632 674 1715 lyricorum
701 1652 788 1699 more
815 1633 961 1716 adhibet3
989 1633 1094 1700 oratio
1121 1653 1179 1716 per
1199 1632 1355 1698 formulas
1378 1630 1477 1698 ἔνθεν

305 1739 340 1801 et
362 1733 484 1800 ἐνθάδε
507 1735 560 1801 vel
582 1734 704 1800 subdor
721 1735 761 1822 δή
776 1735 811 1800 in
826 1737 998 1802 enuntiata
1013 1735 1128 1803 brevia
1143 1739 1304 1817 consecta3
1326 1752 1477 1802 versuum

304 1835 515 1918 repetitiones
544 1838 690 1918 crebrae,
719 1836 903 1903 notationes
932 1839 1074 1904 locorum
1103 1837 1157 1906 vel
1185 1835 1395 1902 historiarum
1423 1835 1478 1903 vel

208 1933 210 1936 ’
304 1939 547 2022 antiquitatum,
569 1943 606 2004 ut
621 1939 759 2020 exempli
773 1939 892 2023 gratia,
914 1942 954 2005 de
969 1941 1090 2006 Thebis
1105 1941 1238 2022 295-8,
1261 1941 1301 2004 da
1316 1938 1477 2005 Onchesto

304 2043 406 2106 230-
420 2043 452 2125 8,
479 2043 519 2106 de
541 2040 633 2106 Crisa
655 2043 842 2125 278-280‚
868 2044 907 2108 do
930 2041 1047 2126 Ergini
1068 2042 1144 2108 filiis
1167 2044 1310 2108 too-7.
1354 2040 1400 2107 Et
1421 2039 1478 2106 ubi

304 2144 344 2208 de
373 2142 494 2210 Thebis
528 2147 562 2209 et
594 2145 634 2210 de
663 2143 755 2209 Crisa
787 2144 871 2227 agit,
904 2163 973 2209 meo
1007 2143 1134 2226 quidem
1165 2143 1296 2226 iudicio,
1330 2141 1477 2227 ἄρχαλζει

303 2250 408 2329 poeta,
426 2245 487 2311 hoc
502 2250 560 2330 est,
575 2265 683 2311 rerum
699 2245 916 2312 condicionem
931 2246 1098 2327 antiquam
1114 2265 1173 2312 nec
1187 2246 1252 2312 iam
1268 2244 1477 2311 exsistentem

303 2346 468 2432 describit,
491 2367 527 2413 eo
550 2347 675 2414 scilicet
697 2347 828 2413 consilio
845 2353 883 2413 ut
897 2348 1038 2414 locorum
1053 2348 1286 2414 mutationibus
1301 2347 1335 2412 in
1349 2345 1476 2428 longin-

304 2448 431 2530 quitate
453 2449 608 2532 temporis
629 2454 703 2531 post
723 2449 878 2531 templum
893 2449 1048 2532 Pythium
1069 2449 1231 2515 conditum
1247 2448 1477 2516 demonstratis

268 2607 270 2612 .
305 2551 466 2634 Apollinis
487 2551 600 2617 laudes
622 2551 776 2616 clariores
798 2551 909 2618 faciat.

389 2653 435 2718 At
464 2652 492 2718 si
521 2653 593 2734 quis
622 2652 695 2719 illos
721 2671 834 2720 versus
860 2653 979 2737 legerit
1006 2653 1061 2734 qui
1083 2653 1266 2736 Apollinem
1292 2656 1477 2720 sacerdotes

303 2755 367 2822 sibi
396 2760 605 2837 quaerentem
635 2759 668 2822 et
689 2757 833 2838 Pythum
862 2758 1031 2822 ducentem
1058 2756 1260 2842 describunt,
1289 2758 1349 2823 has
1374 2761 1476 2841 notas

303 2857 447 2939 exceptis
474 2857 602 2938 quidem
628 2857 889 2942 repetitionibus,
915 2877 1046 2940 prorsus
1072 2858 1280 2924 desiderabit.
1327 2859 1477 2942 Vestigia

303 2959 496 3026 imitationis
511 2960 665 3043 prooemii
679 2960 766 3026 Delii
776 2961 798 3046 ¹)
815 2963 943 3042 desunt3
965 2980 1069 3027 sermo
1084 2961 1280 3042 tranquillus
1296 2967 1353 3045 est,
1372 2980 1476 3042 neque

303 3081 445 3143 unquam
481 3064 540 3128 sub
577 3065 718 3130 secunda
754 3082 892 3145 persona
927 3064 1044 3145 Apollo
1081 3064 1305 3148 compellatur,
1341 3063 1404 3128 nisi
1440 3065 1475 3130 in

303 3165 504 3232 orationibus
519 3166 572 3232 vel
588 3165 763 3247 colloquiis
799 3167 1017 3232 Plurimarum
1032 3167 1159 3232 urbium
1174 3167 1295 3233 mentio
1309 3166 1355 3249 fit,
1372 3185 1475 3247 neque

303 3287 444 3350 unquam
474 3269 514 3333 de
543 3268 796 3349 antiquitatibus
825 3269 948 3353 agitur,
976 3274 1205 3351 praeterquam
1227 3271 1311 3350 quod
1333 3269 1476 3336 Taenari

303 3389 379 3437 oves
402 3369 485 3436 Solis
506 3370 597 3451 pasci
619 3369 779 3436 dicuntur.
816 3371 907 3455 Quod
929 3377 1038 3436 autem
1061 3373 1103 3437 ad
1120 3371 1331 3454 repetitiones
1346 3370 1476 3456 attinet,

303 3472 402 3540 aliter
429 3491 482 3538 res
512 3491 583 3538 sese
611 3473 720 3538 habet.
762 3473 938 3554 Repetitur
967 3492 1081 3541 versus
1103 3476 1165 3540 398
1195 3473 1228 3550 ἐς
1253 3473 1370 3540 Πύλου
1395 3472 1475 3561 ἠμα-

303 3573 429 3642 θόεντα
451 3581 521 3642 κτλ.
545 3595 575 3644 v.
590 3577 660 3660 424,
683 3580 717 3642 et
739 3595 791 3644 vv.
807 3577 942 3643 lus-9

813 3746 885 3812 ἀλλ’
908 3747 1066 3814 ἐνθάδε
1096 3751 1227 3816 πὶοοα
1257 3747 1362 3834 νηὸν

431 3847 511 3930 ἕξετ’
534 3848 615 3934 ἐμὸν
643 3854 849 3916 πολλοῖσι
879 3852 1097 3936 τετιμένοι
1127 3849 1403 3936 ἀνθρώποισι

390 4108 411 4173 ¹)
433 4105 502 4160 Nam
525 4121 618 4159 versus
636 4107 687 4161 538
709 4104 910 4158 hemistichium
933 4105 1067 4174 posterius
1091 4103 1204 4175 δέχεσθε
1228 4106 1257 4162 δὲ
1280 4101 1345 4176 φῦλ’
1365 4102 1474 4180 ἀνθρώ-

303 4209 364 4245 πων
381 4206 435 4244 nou
453 4206 486 4244 cx
504 4207 529 4246 v.
540 4192 589 4246 161
608 4187 742 4260 θέλγουσι
761 4189 790 4244 δὲ
808 4184 873 4258 φῦλ’
888 4183 1048 4261 ἀνθρώπων
1066 4192 1180 4246 defluxit
1197 4194 1243 4246 sed
1261 4209 1294 4248 ex
1312 4195 1389 4263 7282
1400 4191 1473 4249 ἐκαί-

304 4295 369 4329 voco
396 4269 460 4343 φῦλ’
487 4267 654 4346 ἀνθρώπων.
698 4276 843 4329 Praeterea
868 4275 923 4329 iam
949 4277 978 4330 in
1004 4293 1083 4331 versu
1109 4280 1160 4333 537
1187 4278 1335 4332 clausulam
1362 4281 1473 4334 sandcm

302 4361 455 4415 invenimus
484 4355 636 4432 περικλυτὰ
661 4353 724 4430 φῦλ’
755 4354 928 4431 ἀνθρώπων,
957 4379 1037 4430 quam
1064 4363 1151 4417 tribus
1177 4365 1299 4419 versibus
1322 4365 1473 4421 interiectis

302 4447 424 4500 clausula
438 4447 546 4516 excipit,
565 4450 752 4515 καταθνητῶν
766 4441 933 4517 ἀνθρώπων,
951 4449 1023 4502 unde
1035 4449 1121 4502 denuo
1134 4450 1319 4519 cognoscimus
1331 4451 1473 4509 verborum

302 4531 405 4608 copiam
424 4536 453 4587 et
470 4531 633 4593 varietatem
650 4531 781 4607 rhapsodo
799 4531 841 4586 illi
859 4537 965 4610 praesto
983 4549 1036 4595 non
1053 4533 1145 4596 luisse.
