3344 5194
1337 422 1376 512 la·

203 617 252 692 Re
285 617 370 691 enim
402 639 482 692 vera
514 616 645 706 planum
679 623 729 688 est
760 614 990 704 investiganti,
1024 615 1112 685 inter
1143 617 1279 700 hymnos
1312 634 1377 682 non

203 729 294 794 modo
324 726 512 794 Homericos
544 727 601 791 sed
630 723 864 790 Callimacheos
896 727 932 788 et
961 721 1118 804 Orphicos
1148 725 1247 800 atque
1277 719 1378 790 etiam

204 829 313 895 Procli
352 830 488 912 hymnos
528 827 687 911 nullnm1)
727 840 819 911 χαῖρε
863 843 921 907 pro
962 823 1101 889 formula
1141 815 1263 888 initiali
1301 839 1378 903 esse,

205 937 319 998 contra
342 951 382 996 ex
403 929 532 1013 hymnis
547 929 735 1013 Homericis
758 928 968 1008 quinumero
983 925 1137 991 XXXIII
1152 929 1236 1008 sunt,
1258 922 1380 1005 viginti

205 1052 262 1100 sex
298 1033 444 1100 clausula
479 1047 586 1117 χαῖρε,
625 1033 686 1098 <luo
724 1030 870 1096 clausula
907 1027 1001 1114 ἵληθι
1033 1027 1130 1094 exire.
1185 1025 1380 1108 Saepissime

205 1136 327 1220 legitur
357 1135 391 1202 in
420 1135 566 1201 clausula
594 1148 687 1219 χαῖρε
716 1133 770 1201 vel
799 1135 929 1218 χαίρετε
957 1131 1063 1213 prima
1092 1130 1127 1196 in
1154 1131 1231 1196 sede
1261 1127 1380 1214 (sexies

206 1238 335 1323 decies).
379 1237 532 1304 Clausula
562 1238 618 1302 καὶ
649 1235 688 1302 οὐ
718 1237 778 1321 μὲν
807 1229 898 1300 οὕτω
920 1248 1013 1318 χαῖρε
1035 1239 1105 1298 κτλ.
1129 1236 1250 1298 exeunt
1271 1233 1381 1297 decem

206 1339 326 1424 hymni
380 1339 460 1406 Cum
492 1353 584 1424 χαῖρε
616 1337 750 1424 μάκαιρ’
777 1329 805 1403 o3
836 1340 945 1423 Λητοῖ
976 1335 1185 1404 conferantur
1216 1333 1381 1400 clausulae

206 1443 319 1526 hymni
340 1442 425 1511 XXI
447 1440 612 1508 Homerici
1263 1459 1266 1465 ¹

462 1609 555 1681 χαῖρε
578 1595 768 1661 Ποσείδαον
790 1593 925 1682 γαιήοχε
948 1605 1152 1678 κυανοχαῖτα

463 1701 519 1764 καὶ
542 1697 662 1784 μάκαρ,
687 1696 819 1783 εὐμενὲς
841 1703 922 1776 κτλ,
1017 1697 1020 1702 ’
1240 1691 1243 1696 ’

211 1858 245 1920 et
267 1851 400 1936 Orphici
422 1853 475 1918 III

466 1999 529 2056 νῦν
553 1991 588 2056 δὲ
610 1981 789 2076 μάκαιρόἷ
811 1988 885 2069 Νύξ
907 1994 977 2054 κτλ.

210 2144 411 2227 Hymnorum
434 2142 645 2225 Orphicorum
676 2147 793 2224 poetae
819 2161 890 2208 cum
918 2142 1095 2208 clausulam
1117 2155 1209 2227 χαῖρε
1231 2161 1296 2207 non
1318 2140 1384 2206 iam

210 2245 400 2329 adhibeant,
430 2245 585 2313 videntur
615 2249 724 2310 tamen
747 2244 813 2312 vim
835 2243 1036 2316 tralaticiam
1058 2243 1209 2312 vocabuli
1231 2243 1384 2308 memoria

210 2347 365 2430 tenuisse,
395 2347 513 2430 quippe
541 2347 596 2429 qui
617 2349 753 2430 hymnos
775 2365 872 2430 saepe
895 2353 997 2413 κλῦθι
1020 2353 1078 2413 aut
1099 2338 1200 2428 eloi,
1220 2365 1384 2428 nunquam

210 2465 303 2536 χαῖρε
325 2450 492 2532 incipiant.
1288 2526 1290 2530 ,

295 2553 386 2638 Quae
415 2572 487 2618 mea
518 2552 645 2634 quidem
675 2552 839 2620 sententia
868 2552 949 2618 satIs
978 2553 1154 2618 ostendunt
1182 2571 1236 2620 vv.
1259 2553 1384 2616 14-18

211 2655 387 2720 clausulam
417 2661 595 2737 praestare.
646 2653 709 2720 Sed
739 2655 815 2736 qnid
846 2673 963 2720 causae
992 2661 1065 2720 erat
1095 2655 1254 2736 rhapsodo
1284 2672 1387 2736 quare

211 2758 264 2822 hic
298 2757 473 2823 clausulam
507 2756 663 2839 poneret?
714 2758 784 2823 Hoc
812 2775 938 2840 nempe,
970 2759 1054 2838 quod
1085 2757 1231 2823 clausula
1260 2756 1386 2823 inserta

212 2860 277 2926 iam
306 2860 489 2926 absolutum
519 2860 675 2942 habebat,
705 2859 732 2924 si
763 2860 927 2943 voluerat,
956 2859 1152 2941 prooemium
1174 2845 1318 2942 brevius
1347 2862 1387 2924 ut

213 2982 311 3044 supra
333 2963 409 3045 dixi,
431 2962 500 3028 fere
522 2961 669 3028 omnibus
690 2962 724 3027 in
747 2962 909 3044 Apollinis
930 2963 1058 3028 laudem
1080 2961 1262 3044 rhapsodiis
1284 2979 1387 3041 aeque

214 3072 334 3148 aptum.
384 3065 478 3131 Solus
511 3065 567 3130 ille
595 3065 738 3146 hymnus
770 3065 804 3130 in
833 3064 1017 3146 Apollinem
1047 3065 1176 3130 Delium
1206 3061 1386 3149 (19—179)

214 3169 274 3233 hoc
296 3168 492 3250 prooemium
514 3166 663 3250 excipere
685 3185 749 3232 non
770 3171 910 3252 poterat,
932 3167 1050 3250 quippe
1073 3165 1128 3248 qui
1151 3171 1184 3231 et
1203 3165 1271 3247 ipse
1287 3166 1387 3232 alium

214 3271 249 3336 in
278 3272 403 3336 modum
433 3270 594 3352 Apollinis
623 3269 698 3336 Deli
727 3275 857 3352 partum
886 3275 1046 3338 narraret.
1090 3267 1247 3336 Versibus
1278 3272 1388 3334 autem

216 3375 340 3438 14-18
371 3371 509 3454 omissis,
538 3373 698 3454 rhapsodo
728 3391 841 3440 versus
867 3374 967 3438 1-13
994 3373 1162 3455 prologum
1184 3371 1390 3455 praeclarum,

215 3475 310 3541 huius
353 3474 455 3556 ipsius
497 3475 610 3558 hymni
646 3475 680 3540 in
716 3475 907 3557 Apollinem
937 3475 1147 3556 praebebant.
1205 3474 1250 3538 Hi
1285 3472 1388 3556 igitur

225 3769 227 3776 >
302 3732 324 3799 ¹)
350 3728 438 3784 Procli
461 3729 568 3797 Hymno
586 3729 626 3784 VI
651 3705 775 3798 excepto,
802 3729 849 3797 qui
875 3729 905 3783 in
927 3729 1049 3784 Hecaten
1073 3733 1101 3783 et
1123 3729 1220 3783 Ianum
1242 3727 1388 3797 inscriptus

109 3837 111 3842 ’
216 3816 311 3871 iisdem
328 3818 345 3871 3
362 3815 484 3870 versibus
501 3814 599 3882 incipit
616 3831 647 3868 ac
665 3814 773 3883 desinit,
792 3830 843 3882 quo
862 3814 961 3868 clarius
976 3822 1076 3876 natura
1089 3829 1185 3889 anceps
1197 3813 1257 3868 Iani
1269 3813 1389 3868 numinis

217 3902 297 3956 simul
314 3899 502 3970 prospicientis
521 3905 548 3954 et
566 3899 735 3968 respicientis
753 3899 935 3969 significetur:

367 4009 449 4074 ’χαῖρε
467 4005 543 4057 θεῶν
559 4007 646 4072 μῆτερ
663 3995 830 4070 πολυώνυμε
846 3999 1046 4072 καλλιχὲνεθλε

349 4147 352 4155 ,
370 4083 443 4159 χαῖρ’
453 4081 552 4156 Ἑκάτη
570 4091 734 4158 προθυραῖα
751 4085 929 4158 μεγασθενὲς,
949 4081 1022 4142 ἀλλά
1038 4090 1087 4142 καί
1106 4081 1191 4151 αὐτὸς

370 4169 444 4245 χαῖρ’
452 4167 523 4228 ”Iove
541 4167 696 4244 προπάτορ,
715 4175 768 4228 Ζεῦ
788 4165 899 4243 siphum,
916 4168 990 4244 χαῖρ’
1004 4165 1089 4228 boote
1108 4177 1169 4229 Ζεῦ.

218 4277 255 4332 Et
272 4277 345 4332 iuter
356 4279 476 4346 Hymnos
488 4276 607 4346 Magicos
619 4277 670 4344 (ed.
684 4276 804 4344 Abelius
822 4276 931 4346 Lipsiae
943 4284 972 4331 et
982 4277 1089 4346 Pragae
1101 4279 1179 4345 1885)
1197 4277 1249 4330 duo
1267 4282 1332 4330 sunt
1343 4275 1393 4344 qui

105 4384 106 4387 ¹
218 4363 307 4416 media
323 4363 353 4416 in
370 4363 541 4418 invocatione
558 4369 638 4432 χαῖρε
656 4361 742 4430 prima
760 4361 869 4416 insede
887 4362 1040 4431 exhibeant,
1059 4363 1111 4431 112,
1124 4364 1157 4418 12
1175 4367 1204 4416 et
1217 4363 1249 4430 V,
1262 4365 1303 4418 40.
1339 4363 1390 4416 Sed

218 4448 247 4502 in
264 4447 306 4501 his
324 4448 444 4501 barbaris
462 4449 584 4506 versibus
602 4447 663 4516 quis
680 4445 744 4516 quid
761 4447 884 4516 miretur,
902 4452 1045 4518 postquam
1064 4439 1225 4519 ἀμβροσίου
1236 4441 1389 4516 στομάτοιν

218 4533 341 4605 (11²,10)
358 4532 445 4602 legit?

1186 4638 1203 4694 3
