3344 5194
299 457 340 524 30

298 629 507 697 conferantur
529 628 736 712 Theogoniae
756 647 870 696 versus

298 769 423 834 8864
446 767 530 842 Ζεύς
557 767 592 832 δὲ
618 773 711 832 θεῶν
733 765 888 846 βασιλεὺς
909 765 1048 850 πρώτην
1071 763 1230 850 άλοχυν
1252 766 1334 830 θίτο
1356 769 1470 851 Μῆτιν

445 875 584 935 πλεῖστα
606 875 699 934 θεῶν
721 892 756 932 τε
780 868 925 933 ἰδυῖαν
948 868 996 932 ίόὲ
1018 875 1158 953 θνητῶν
1180 865 1384 952 άνθροόποιν.

340 974 400 1038 921
448 970 676 1056 λοισθοτάτην
700 969 729 1034 δ’
739 965 844 1055 Ἥρην
865 969 1015 1056 θαλερὴν
1035 965 1240 1056 ποιήσατ’
1263 967 1394 1036 ἄκοιτιν

326 1075 401 1160 (991
447 1072 619 1160 νηοπόλον
641 1071 757 1158 νύχιον
779 1071 995 1159 ποιήσατο
1019 1073 1160 1158 δαίμονα
1184 1073 1271 1158 όϊον)

296 1263 368 1310 cum
392 1265 423 1312 v.
439 1247 500 1310 315

423 1380 443 1468 ἡ
466 1390 599 1447 πᾶσιν
620 1380 802 1466 μακάρεσσι
824 1381 1045 1465 μεταπρέπει
1067 1378 1372 1460 άθανάτοισιν,

206 1484 210 1492 ¹
297 1537 460 1620 Theogon.
482 1555 512 1603 v.
527 1538 590 1602 449

422 1683 525 1739 πᾶσι
546 1671 636 1759 μετ’
652 1671 920 1764 ἀθανάτοισι
942 1675 1111 1757 τετίμηται
1133 1671 1313 1758 γεράεσσιν,

295 1863 366 1911 cum
388 1865 419 1913 v.
438 1847 500 1910 334

307 1965 308 1970 ’
423 1965 602 2031 κέκλυτε
640 1973 702 2030 νῦν
737 1989 807 2049 μοι,
849 1969 955 2030 Γαῖα
992 1965 1065 2028 καὶ
1105 1962 1302 2048 Οὐρανός
1335 1961 1466 2048 εὐρὺς

1211 2059 1401 2149 ὕπερθεν

295 2223 456 2305 Theogon.
478 2241 508 2288 v.
524 2223 586 2286 644

421 2342 604 2412 κέκλυτέ
628 2366 697 2426 μευ,
729 2343 856 2426 Ιάίης
878 2365 913 2406 τε
935 2342 991 2407 καὶ
1020 2338 1212 2424 Οὐρανοῦ
1235 2337 1342 2425 άγλαά
1364 2339 1463 2404 τέκνα

293 2516 328 2578 et
350 2515 411 2579 702

422 2596 541 2677 αότοις,
569 2596 616 2673 ὠς
639 2598 667 2663 εἰ
689 2593 795 2664 Γαῖα
825 2600 895 2663 καὶ
925 2597 1120 2683 Οὐρανός
1148 2595 1274 2682 εόρύς
1300 2590 1463 2680 ὕπερθε

294 2717 364 2803 (qui
385 2717 454 2799 ipse
476 2737 517 2784 ex
538 2721 621 2785 1⁷97
645 2723 677 2784 et
701 2721 792 2784 ε184
816 2717 972 2784 conflatus
994 2718 1067 2804 est),

294 2889 366 2937 cum
387 2892 416 2940 v.
432 2873 493 2938 335

427 2997 601 3078 Τιτῆνες
622 3017 665 3058 τε
686 2994 799 3072 θεοὶ,
822 2995 876 3059 τοί
898 2991 979 3059 ὑπὸ
1001 2995 1129 3078 χθονὶ
1151 2991 1363 3058 ναιετάουσιν

294 3145 413 3228 Theog.
437 3164 466 3212 v.
482 3147 544 3211 648

426 3267 603 3352 Τιτῆνές
624 3291 666 3331 τε
689 3268 786 3332 θεοὶ
809 3268 865 3331 καὶ
889 3259 962 3331 όσοι
977 3265 1120 3350 ,Κρόνου
1143 3265 1365 3351 ἐκγενόμεσθα

293 3424 325 3485 et
350 3422 409 3486 717

406 3545 621 3627 Τιτῆνας,
646 3542 702 3605 καὶ
724 3539 804 3615 τοὺς
825 3541 884 3626 μὲν
907 3537 987 3606 ὑπὸ
1009 3539 1171 3626 χθονός
1194 3539 1383 3627 εὐρυοδείης

292 3663 326 3724 et
350 3662 411 3726 729
1059 3657 1065 3673 ’

420 3759 503 3828 ἔνθα
526 3765 601 3828 θεοὶ
629 3769 761 3849 Τιτῆνες
783 3761 850 3828 ὑπὸ
873 3761 991 3847 ψόφοι
1014 3761 1173 3849 ηέρόεντι,

291 3933 362 3980 σου]
384 3918 509 3981 340-1

419 4031 466 4110 οός
488 4033 552 4120 άρα
576 4035 749 4123 φωνήσασ)
765 4035 880 4121 ίμασσε
902 4035 1011 4122 χθόνα
1033 4039 1116 4123 χειρὶ
1138 4063 1193 4104 πα
1201 4040 1264 4122 χεί
1272 4063 1321 4123 ηι.

418 4137 543 4224 κινήθη
566 4137 595 4204 δ’
612 4136 675 4223 ἄρα
698 4153 798 4224 γαῖα
823 4141 1058 4224 φερέσβιος

291 4292 452 4375 Theogon.
476 4311 505 4358 v.
521 4295 647 4360 857—8

440 4410 546 4497 αὐτάρ
569 4411 683 4498 ἐπειδή
704 4437 761 4498 μιν
784 4412 930 4498 δάμασεν
952 4419 1130 4500 πληγῆισιν
1153 4411 1305 4498 ἱμάσσας,

438 4511 535 4609 ἤριπε
557 4517 722 4608 γυιωθείς,
748 4514 881 4582 στονά
888 4522 954 4608 χις
964 4541 979 4581 ε
1002 4517 1037 4581 δὲ
1060 4529 1158 4609 γαία
1180 4515 1315 4609 πείαίρη
1422 4581 1424 4586 .
